%YAML 1.1
%TAG !u! tag:unity3d.com,2011:
--- !u!1 &3677258560958360512
GameObject:
  m_ObjectHideFlags: 0
  m_CorrespondingSourceObject: {fileID: 0}
  m_PrefabInstance: {fileID: 0}
  m_PrefabAsset: {fileID: 0}
  serializedVersion: 6
  m_Component:
  - component: {fileID: 3677258560958360518}
  - component: {fileID: 3677258560958360519}
  - component: {fileID: 3677258560958360516}
  - component: {fileID: 3677258560958360517}
  - component: {fileID: 6353444188250004653}
  - component: {fileID: 8465596165635152441}
  - component: {fileID: 3102303270808372681}
  - component: {fileID: 110372479700281698}
  m_Layer: 0
  m_Name: support_lv4_a
  m_TagString: Untagged
  m_Icon: {fileID: 0}
  m_NavMeshLayer: 0
  m_StaticEditorFlags: 0
  m_IsActive: 1
--- !u!4 &3677258560958360518
Transform:
  m_ObjectHideFlags: 0
  m_CorrespondingSourceObject: {fileID: 0}
  m_PrefabInstance: {fileID: 0}
  m_PrefabAsset: {fileID: 0}
  m_GameObject: {fileID: 3677258560958360512}
  m_LocalRotation: {x: 0, y: 0, z: 0, w: 1}
  m_LocalPosition: {x: 0, y: 0, z: 0}
  m_LocalScale: {x: 1, y: 1, z: 1}
  m_Children:
  - {fileID: 5806622202544909154}
  - {fileID: 2905165596545817293}
  m_Father: {fileID: 0}
  m_RootOrder: 0
  m_LocalEulerAnglesHint: {x: 0, y: 0, z: 0}
--- !u!65 &3677258560958360519
BoxCollider:
  m_ObjectHideFlags: 0
  m_CorrespondingSourceObject: {fileID: 0}
  m_PrefabInstance: {fileID: 0}
  m_PrefabAsset: {fileID: 0}
  m_GameObject: {fileID: 3677258560958360512}
  m_Material: {fileID: 0}
  m_IsTrigger: 0
  m_Enabled: 1
  serializedVersion: 2
  m_Size: {x: 1, y: 2, z: 1}
  m_Center: {x: 0, y: 1, z: 0}
--- !u!114 &3677258560958360516
MonoBehaviour:
  m_ObjectHideFlags: 0
  m_CorrespondingSourceObject: {fileID: 0}
  m_PrefabInstance: {fileID: 0}
  m_PrefabAsset: {fileID: 0}
  m_GameObject: {fileID: 3677258560958360512}
  m_Enabled: 1
  m_EditorHideFlags: 0
  m_Script: {fileID: 11500000, guid: 8f1724dd34ab470a98abf0e6815e7e79, type: 3}
  m_Name: 
  m_EditorClassIdentifier: 
  entityType: 2
--- !u!114 &3677258560958360517
MonoBehaviour:
  m_ObjectHideFlags: 0
  m_CorrespondingSourceObject: {fileID: 0}
  m_PrefabInstance: {fileID: 0}
  m_PrefabAsset: {fileID: 0}
  m_GameObject: {fileID: 3677258560958360512}
  m_Enabled: 1
  m_EditorHideFlags: 0
  m_Script: {fileID: 11500000, guid: 38aa01575db245d8a2c91149ae3d65fd, type: 3}
  m_Name: 
  m_EditorClassIdentifier: 
  inventoryEventSo: {fileID: 11400000, guid: e1ecb895594b23a4ca60fc6f117b187f, type: 2}
--- !u!114 &6353444188250004653
MonoBehaviour:
  m_ObjectHideFlags: 0
  m_CorrespondingSourceObject: {fileID: 0}
  m_PrefabInstance: {fileID: 0}
  m_PrefabAsset: {fileID: 0}
  m_GameObject: {fileID: 3677258560958360512}
  m_Enabled: 1
  m_EditorHideFlags: 0
  m_Script: {fileID: 11500000, guid: 34b0cee6dfe2408aa467dbe23199b096, type: 3}
  m_Name: 
  m_EditorClassIdentifier: 
--- !u!114 &8465596165635152441
MonoBehaviour:
  m_ObjectHideFlags: 0
  m_CorrespondingSourceObject: {fileID: 0}
  m_PrefabInstance: {fileID: 0}
  m_PrefabAsset: {fileID: 0}
  m_GameObject: {fileID: 3677258560958360512}
  m_Enabled: 1
  m_EditorHideFlags: 0
  m_Script: {fileID: 11500000, guid: 803328cbcfa941238ef9f3b51103b4d5, type: 3}
  m_Name: 
  m_EditorClassIdentifier: 
--- !u!114 &3102303270808372681
MonoBehaviour:
  m_ObjectHideFlags: 0
  m_CorrespondingSourceObject: {fileID: 0}
  m_PrefabInstance: {fileID: 0}
  m_PrefabAsset: {fileID: 0}
  m_GameObject: {fileID: 3677258560958360512}
  m_Enabled: 1
  m_EditorHideFlags: 0
  m_Script: {fileID: 11500000, guid: cd8c33d7459d448981248ed233210beb, type: 3}
  m_Name: 
  m_EditorClassIdentifier: 
--- !u!114 &110372479700281698
MonoBehaviour:
  m_ObjectHideFlags: 0
  m_CorrespondingSourceObject: {fileID: 0}
  m_PrefabInstance: {fileID: 0}
  m_PrefabAsset: {fileID: 0}
  m_GameObject: {fileID: 3677258560958360512}
  m_Enabled: 1
  m_EditorHideFlags: 0
  m_Script: {fileID: 11500000, guid: 09c9109c72a44f95bca87faacdd442c5, type: 3}
  m_Name: 
  m_EditorClassIdentifier: 
  barrackSo: {fileID: 11400000, guid: 62acb596c2df34446be7b55cee1de194, type: 2}
  spawnPoints:
  - {fileID: 2936819307667675236}
  - {fileID: 4402526434188239396}
  - {fileID: 5645056072413022034}
  spawnInterval: 10
--- !u!1001 &6348137617173534671
PrefabInstance:
  m_ObjectHideFlags: 0
  serializedVersion: 2
  m_Modification:
    m_TransformParent: {fileID: 3677258560958360518}
    m_Modifications:
    - target: {fileID: 2203246771078908748, guid: 7b3d77f0c48e1a045940aca88458e0d7, type: 3}
      propertyPath: m_Name
      value: level_4_base
      objectReference: {fileID: 0}
    - target: {fileID: 8090757621530807554, guid: 7b3d77f0c48e1a045940aca88458e0d7, type: 3}
      propertyPath: m_RootOrder
      value: 1
      objectReference: {fileID: 0}
    - target: {fileID: 8090757621530807554, guid: 7b3d77f0c48e1a045940aca88458e0d7, type: 3}
      propertyPath: m_LocalPosition.x
      value: 0
      objectReference: {fileID: 0}
    - target: {fileID: 8090757621530807554, guid: 7b3d77f0c48e1a045940aca88458e0d7, type: 3}
      propertyPath: m_LocalPosition.y
      value: 0
      objectReference: {fileID: 0}
    - target: {fileID: 8090757621530807554, guid: 7b3d77f0c48e1a045940aca88458e0d7, type: 3}
      propertyPath: m_LocalPosition.z
      value: 0
      objectReference: {fileID: 0}
    - target: {fileID: 8090757621530807554, guid: 7b3d77f0c48e1a045940aca88458e0d7, type: 3}
      propertyPath: m_LocalRotation.w
      value: 1
      objectReference: {fileID: 0}
    - target: {fileID: 8090757621530807554, guid: 7b3d77f0c48e1a045940aca88458e0d7, type: 3}
      propertyPath: m_LocalRotation.x
      value: 0
      objectReference: {fileID: 0}
    - target: {fileID: 8090757621530807554, guid: 7b3d77f0c48e1a045940aca88458e0d7, type: 3}
      propertyPath: m_LocalRotation.y
      value: 0
      objectReference: {fileID: 0}
    - target: {fileID: 8090757621530807554, guid: 7b3d77f0c48e1a045940aca88458e0d7, type: 3}
      propertyPath: m_LocalRotation.z
      value: 0
      objectReference: {fileID: 0}
    - target: {fileID: 8090757621530807554, guid: 7b3d77f0c48e1a045940aca88458e0d7, type: 3}
      propertyPath: m_LocalEulerAnglesHint.x
      value: 0
      objectReference: {fileID: 0}
    - target: {fileID: 8090757621530807554, guid: 7b3d77f0c48e1a045940aca88458e0d7, type: 3}
      propertyPath: m_LocalEulerAnglesHint.y
      value: 0
      objectReference: {fileID: 0}
    - target: {fileID: 8090757621530807554, guid: 7b3d77f0c48e1a045940aca88458e0d7, type: 3}
      propertyPath: m_LocalEulerAnglesHint.z
      value: 0
      objectReference: {fileID: 0}
    m_RemovedComponents: []
  m_SourcePrefab: {fileID: 100100000, guid: 7b3d77f0c48e1a045940aca88458e0d7, type: 3}
--- !u!4 &2905165596545817293 stripped
Transform:
  m_CorrespondingSourceObject: {fileID: 8090757621530807554, guid: 7b3d77f0c48e1a045940aca88458e0d7, type: 3}
  m_PrefabInstance: {fileID: 6348137617173534671}
  m_PrefabAsset: {fileID: 0}
--- !u!1001 &8270637105468948778
PrefabInstance:
  m_ObjectHideFlags: 0
  serializedVersion: 2
  m_Modification:
    m_TransformParent: {fileID: 3677258560958360518}
    m_Modifications:
    - target: {fileID: 2473162842286697032, guid: 0cabb3208d95000438d333cbcc350814, type: 3}
      propertyPath: m_RootOrder
      value: 0
      objectReference: {fileID: 0}
    - target: {fileID: 2473162842286697032, guid: 0cabb3208d95000438d333cbcc350814, type: 3}
      propertyPath: m_LocalPosition.x
      value: 0
      objectReference: {fileID: 0}
    - target: {fileID: 2473162842286697032, guid: 0cabb3208d95000438d333cbcc350814, type: 3}
      propertyPath: m_LocalPosition.y
      value: 0
      objectReference: {fileID: 0}
    - target: {fileID: 2473162842286697032, guid: 0cabb3208d95000438d333cbcc350814, type: 3}
      propertyPath: m_LocalPosition.z
      value: 0
      objectReference: {fileID: 0}
    - target: {fileID: 2473162842286697032, guid: 0cabb3208d95000438d333cbcc350814, type: 3}
      propertyPath: m_LocalRotation.w
      value: 1
      objectReference: {fileID: 0}
    - target: {fileID: 2473162842286697032, guid: 0cabb3208d95000438d333cbcc350814, type: 3}
      propertyPath: m_LocalRotation.x
      value: 0
      objectReference: {fileID: 0}
    - target: {fileID: 2473162842286697032, guid: 0cabb3208d95000438d333cbcc350814, type: 3}
      propertyPath: m_LocalRotation.y
      value: 0
      objectReference: {fileID: 0}
    - target: {fileID: 2473162842286697032, guid: 0cabb3208d95000438d333cbcc350814, type: 3}
      propertyPath: m_LocalRotation.z
      value: 0
      objectReference: {fileID: 0}
    - target: {fileID: 2473162842286697032, guid: 0cabb3208d95000438d333cbcc350814, type: 3}
      propertyPath: m_LocalEulerAnglesHint.x
      value: 0
      objectReference: {fileID: 0}
    - target: {fileID: 2473162842286697032, guid: 0cabb3208d95000438d333cbcc350814, type: 3}
      propertyPath: m_LocalEulerAnglesHint.y
      value: 0
      objectReference: {fileID: 0}
    - target: {fileID: 2473162842286697032, guid: 0cabb3208d95000438d333cbcc350814, type: 3}
      propertyPath: m_LocalEulerAnglesHint.z
      value: 0
      objectReference: {fileID: 0}
    - target: {fileID: 9044416589382942756, guid: 0cabb3208d95000438d333cbcc350814, type: 3}
      propertyPath: m_Name
      value: tower_support_base
      objectReference: {fileID: 0}
    m_RemovedComponents: []
  m_SourcePrefab: {fileID: 100100000, guid: 0cabb3208d95000438d333cbcc350814, type: 3}
--- !u!4 &5806622202544909154 stripped
Transform:
  m_CorrespondingSourceObject: {fileID: 2473162842286697032, guid: 0cabb3208d95000438d333cbcc350814, type: 3}
  m_PrefabInstance: {fileID: 8270637105468948778}
  m_PrefabAsset: {fileID: 0}
--- !u!4 &2936819307667675236 stripped
Transform:
  m_CorrespondingSourceObject: {fileID: 6487040783410927950, guid: 0cabb3208d95000438d333cbcc350814, type: 3}
  m_PrefabInstance: {fileID: 8270637105468948778}
  m_PrefabAsset: {fileID: 0}
--- !u!4 &4402526434188239396 stripped
Transform:
  m_CorrespondingSourceObject: {fileID: 5755563867319755534, guid: 0cabb3208d95000438d333cbcc350814, type: 3}
  m_PrefabInstance: {fileID: 8270637105468948778}
  m_PrefabAsset: {fileID: 0}
--- !u!4 &5645056072413022034 stripped
Transform:
  m_CorrespondingSourceObject: {fileID: 4364111418248873592, guid: 0cabb3208d95000438d333cbcc350814, type: 3}
  m_PrefabInstance: {fileID: 8270637105468948778}
  m_PrefabAsset: {fileID: 0}
