%YAML 1.1
%TAG !u! tag:unity3d.com,2011:
--- !u!1 &2726870689241836551
GameObject:
  m_ObjectHideFlags: 0
  m_CorrespondingSourceObject: {fileID: 0}
  m_PrefabInstance: {fileID: 0}
  m_PrefabAsset: {fileID: 0}
  serializedVersion: 6
  m_Component:
  - component: {fileID: 2726870689241837560}
  - component: {fileID: 2726870689241837564}
  - component: {fileID: 2726870689241837563}
  - component: {fileID: 2726870689241837562}
  - component: {fileID: 2726870689241837561}
  m_Layer: 0
  m_Name: WhiteLight
  m_TagString: Untagged
  m_Icon: {fileID: 0}
  m_NavMeshLayer: 0
  m_StaticEditorFlags: 0
  m_IsActive: 1
--- !u!4 &2726870689241837560
Transform:
  m_ObjectHideFlags: 0
  m_CorrespondingSourceObject: {fileID: 0}
  m_PrefabInstance: {fileID: 0}
  m_PrefabAsset: {fileID: 0}
  m_GameObject: {fileID: 2726870689241836551}
  m_LocalRotation: {x: -0, y: -0, z: -0, w: 1}
  m_LocalPosition: {x: 0, y: 0, z: 0}
  m_LocalScale: {x: 1, y: 1, z: 1}
  m_Children:
  - {fileID: 2726870689959435428}
  m_Father: {fileID: 0}
  m_RootOrder: 0
  m_LocalEulerAnglesHint: {x: 0, y: 0, z: 0}
--- !u!114 &2726870689241837564
MonoBehaviour:
  m_ObjectHideFlags: 0
  m_CorrespondingSourceObject: {fileID: 0}
  m_PrefabInstance: {fileID: 0}
  m_PrefabAsset: {fileID: 0}
  m_GameObject: {fileID: 2726870689241836551}
  m_Enabled: 1
  m_EditorHideFlags: 0
  m_Script: {fileID: 11500000, guid: 8233d90336aea43098adf6dbabd606a2, type: 3}
  m_Name: 
  m_EditorClassIdentifier: 
  m_MeshFormatVersion: 1
  m_Faces:
  - m_Indexes: 020000000100000000000000
    m_SmoothingGroup: 0
    m_Uv:
      m_UseWorldSpace: 0
      m_FlipU: 0
      m_FlipV: 0
      m_SwapUV: 0
      m_Fill: 1
      m_Scale: {x: 1, y: 1}
      m_Offset: {x: 0, y: 0}
      m_Rotation: 0
      m_Anchor: 6
    m_Material: {fileID: 2100000, guid: c22777d6e868e4f2fb421913386b154e, type: 2}
    m_SubmeshIndex: 0
    m_ManualUV: 1
    elementGroup: 0
    m_TextureGroup: -1
  - m_Indexes: 030000000400000005000000
    m_SmoothingGroup: 0
    m_Uv:
      m_UseWorldSpace: 0
      m_FlipU: 0
      m_FlipV: 0
      m_SwapUV: 0
      m_Fill: 1
      m_Scale: {x: 1, y: 1}
      m_Offset: {x: 0, y: 0}
      m_Rotation: 0
      m_Anchor: 9
    m_Material: {fileID: 2100000, guid: c22777d6e868e4f2fb421913386b154e, type: 2}
    m_SubmeshIndex: 0
    m_ManualUV: 0
    elementGroup: 0
    m_TextureGroup: -1
  - m_Indexes: 080000000700000006000000
    m_SmoothingGroup: 0
    m_Uv:
      m_UseWorldSpace: 0
      m_FlipU: 0
      m_FlipV: 0
      m_SwapUV: 0
      m_Fill: 1
      m_Scale: {x: 1, y: 1}
      m_Offset: {x: 0, y: 0}
      m_Rotation: 0
      m_Anchor: 9
    m_Material: {fileID: 2100000, guid: c22777d6e868e4f2fb421913386b154e, type: 2}
    m_SubmeshIndex: 0
    m_ManualUV: 1
    elementGroup: 0
    m_TextureGroup: -1
  - m_Indexes: 090000000a0000000b000000
    m_SmoothingGroup: 0
    m_Uv:
      m_UseWorldSpace: 0
      m_FlipU: 0
      m_FlipV: 0
      m_SwapUV: 0
      m_Fill: 1
      m_Scale: {x: 1, y: 1}
      m_Offset: {x: 0, y: 0}
      m_Rotation: 0
      m_Anchor: 9
    m_Material: {fileID: 2100000, guid: c22777d6e868e4f2fb421913386b154e, type: 2}
    m_SubmeshIndex: 0
    m_ManualUV: 0
    elementGroup: 0
    m_TextureGroup: -1
  - m_Indexes: 0e0000000d0000000c000000
    m_SmoothingGroup: 0
    m_Uv:
      m_UseWorldSpace: 0
      m_FlipU: 0
      m_FlipV: 0
      m_SwapUV: 0
      m_Fill: 1
      m_Scale: {x: 1, y: 1}
      m_Offset: {x: 0, y: 0}
      m_Rotation: 0
      m_Anchor: 9
    m_Material: {fileID: 2100000, guid: c22777d6e868e4f2fb421913386b154e, type: 2}
    m_SubmeshIndex: 0
    m_ManualUV: 1
    elementGroup: 0
    m_TextureGroup: -1
  - m_Indexes: 0f0000001000000011000000
    m_SmoothingGroup: 0
    m_Uv:
      m_UseWorldSpace: 0
      m_FlipU: 0
      m_FlipV: 0
      m_SwapUV: 0
      m_Fill: 1
      m_Scale: {x: 1, y: 1}
      m_Offset: {x: 0, y: 0}
      m_Rotation: 0
      m_Anchor: 9
    m_Material: {fileID: 2100000, guid: c22777d6e868e4f2fb421913386b154e, type: 2}
    m_SubmeshIndex: 0
    m_ManualUV: 0
    elementGroup: 0
    m_TextureGroup: -1
  - m_Indexes: 140000001300000012000000
    m_SmoothingGroup: 0
    m_Uv:
      m_UseWorldSpace: 0
      m_FlipU: 0
      m_FlipV: 0
      m_SwapUV: 0
      m_Fill: 1
      m_Scale: {x: 1, y: 1}
      m_Offset: {x: 0, y: 0}
      m_Rotation: 0
      m_Anchor: 9
    m_Material: {fileID: 2100000, guid: c22777d6e868e4f2fb421913386b154e, type: 2}
    m_SubmeshIndex: 0
    m_ManualUV: 1
    elementGroup: 0
    m_TextureGroup: -1
  - m_Indexes: 150000001600000017000000
    m_SmoothingGroup: 0
    m_Uv:
      m_UseWorldSpace: 0
      m_FlipU: 0
      m_FlipV: 0
      m_SwapUV: 0
      m_Fill: 1
      m_Scale: {x: 1, y: 1}
      m_Offset: {x: 0, y: 0}
      m_Rotation: 0
      m_Anchor: 9
    m_Material: {fileID: 2100000, guid: c22777d6e868e4f2fb421913386b154e, type: 2}
    m_SubmeshIndex: 0
    m_ManualUV: 0
    elementGroup: 0
    m_TextureGroup: -1
  - m_Indexes: 1a0000001900000018000000
    m_SmoothingGroup: 0
    m_Uv:
      m_UseWorldSpace: 0
      m_FlipU: 0
      m_FlipV: 0
      m_SwapUV: 0
      m_Fill: 1
      m_Scale: {x: 1, y: 1}
      m_Offset: {x: 0, y: 0}
      m_Rotation: 0
      m_Anchor: 9
    m_Material: {fileID: 2100000, guid: c22777d6e868e4f2fb421913386b154e, type: 2}
    m_SubmeshIndex: 0
    m_ManualUV: 1
    elementGroup: 0
    m_TextureGroup: -1
  - m_Indexes: 1b0000001c0000001d000000
    m_SmoothingGroup: 0
    m_Uv:
      m_UseWorldSpace: 0
      m_FlipU: 0
      m_FlipV: 0
      m_SwapUV: 0
      m_Fill: 1
      m_Scale: {x: 1, y: 1}
      m_Offset: {x: 0, y: 0}
      m_Rotation: 0
      m_Anchor: 9
    m_Material: {fileID: 2100000, guid: c22777d6e868e4f2fb421913386b154e, type: 2}
    m_SubmeshIndex: 0
    m_ManualUV: 0
    elementGroup: 0
    m_TextureGroup: -1
  - m_Indexes: 200000001f0000001e000000
    m_SmoothingGroup: 0
    m_Uv:
      m_UseWorldSpace: 0
      m_FlipU: 0
      m_FlipV: 0
      m_SwapUV: 0
      m_Fill: 1
      m_Scale: {x: 1, y: 1}
      m_Offset: {x: 0, y: 0}
      m_Rotation: 0
      m_Anchor: 9
    m_Material: {fileID: 2100000, guid: c22777d6e868e4f2fb421913386b154e, type: 2}
    m_SubmeshIndex: 0
    m_ManualUV: 1
    elementGroup: 0
    m_TextureGroup: -1
  - m_Indexes: 210000002200000023000000
    m_SmoothingGroup: 0
    m_Uv:
      m_UseWorldSpace: 0
      m_FlipU: 0
      m_FlipV: 0
      m_SwapUV: 0
      m_Fill: 1
      m_Scale: {x: 1, y: 1}
      m_Offset: {x: 0, y: 0}
      m_Rotation: 0
      m_Anchor: 9
    m_Material: {fileID: 2100000, guid: c22777d6e868e4f2fb421913386b154e, type: 2}
    m_SubmeshIndex: 0
    m_ManualUV: 0
    elementGroup: 0
    m_TextureGroup: -1
  - m_Indexes: 260000002500000024000000
    m_SmoothingGroup: 0
    m_Uv:
      m_UseWorldSpace: 0
      m_FlipU: 0
      m_FlipV: 0
      m_SwapUV: 0
      m_Fill: 1
      m_Scale: {x: 1, y: 1}
      m_Offset: {x: 0, y: 0}
      m_Rotation: 0
      m_Anchor: 9
    m_Material: {fileID: 2100000, guid: c22777d6e868e4f2fb421913386b154e, type: 2}
    m_SubmeshIndex: 0
    m_ManualUV: 1
    elementGroup: 0
    m_TextureGroup: -1
  - m_Indexes: 270000002800000029000000
    m_SmoothingGroup: 0
    m_Uv:
      m_UseWorldSpace: 0
      m_FlipU: 0
      m_FlipV: 0
      m_SwapUV: 0
      m_Fill: 1
      m_Scale: {x: 1, y: 1}
      m_Offset: {x: 0, y: 0}
      m_Rotation: 0
      m_Anchor: 9
    m_Material: {fileID: 2100000, guid: c22777d6e868e4f2fb421913386b154e, type: 2}
    m_SubmeshIndex: 0
    m_ManualUV: 0
    elementGroup: 0
    m_TextureGroup: -1
  - m_Indexes: 2c0000002b0000002a000000
    m_SmoothingGroup: 0
    m_Uv:
      m_UseWorldSpace: 0
      m_FlipU: 0
      m_FlipV: 0
      m_SwapUV: 0
      m_Fill: 1
      m_Scale: {x: 1, y: 1}
      m_Offset: {x: 0, y: 0}
      m_Rotation: 0
      m_Anchor: 9
    m_Material: {fileID: 2100000, guid: c22777d6e868e4f2fb421913386b154e, type: 2}
    m_SubmeshIndex: 0
    m_ManualUV: 1
    elementGroup: 0
    m_TextureGroup: -1
  - m_Indexes: 2d0000002e0000002f000000
    m_SmoothingGroup: 0
    m_Uv:
      m_UseWorldSpace: 0
      m_FlipU: 0
      m_FlipV: 0
      m_SwapUV: 0
      m_Fill: 1
      m_Scale: {x: 1, y: 1}
      m_Offset: {x: 0, y: 0}
      m_Rotation: 0
      m_Anchor: 9
    m_Material: {fileID: 2100000, guid: c22777d6e868e4f2fb421913386b154e, type: 2}
    m_SubmeshIndex: 0
    m_ManualUV: 0
    elementGroup: 0
    m_TextureGroup: -1
  - m_Indexes: 320000003100000030000000
    m_SmoothingGroup: 0
    m_Uv:
      m_UseWorldSpace: 0
      m_FlipU: 0
      m_FlipV: 0
      m_SwapUV: 0
      m_Fill: 1
      m_Scale: {x: 1, y: 1}
      m_Offset: {x: 0, y: 0}
      m_Rotation: 0
      m_Anchor: 9
    m_Material: {fileID: 2100000, guid: c22777d6e868e4f2fb421913386b154e, type: 2}
    m_SubmeshIndex: 0
    m_ManualUV: 1
    elementGroup: 0
    m_TextureGroup: -1
  - m_Indexes: 330000003400000035000000
    m_SmoothingGroup: 0
    m_Uv:
      m_UseWorldSpace: 0
      m_FlipU: 0
      m_FlipV: 0
      m_SwapUV: 0
      m_Fill: 1
      m_Scale: {x: 1, y: 1}
      m_Offset: {x: 0, y: 0}
      m_Rotation: 0
      m_Anchor: 9
    m_Material: {fileID: 2100000, guid: c22777d6e868e4f2fb421913386b154e, type: 2}
    m_SubmeshIndex: 0
    m_ManualUV: 0
    elementGroup: 0
    m_TextureGroup: -1
  - m_Indexes: 380000003700000036000000
    m_SmoothingGroup: 0
    m_Uv:
      m_UseWorldSpace: 0
      m_FlipU: 0
      m_FlipV: 0
      m_SwapUV: 0
      m_Fill: 1
      m_Scale: {x: 1, y: 1}
      m_Offset: {x: 0, y: 0}
      m_Rotation: 0
      m_Anchor: 9
    m_Material: {fileID: 2100000, guid: c22777d6e868e4f2fb421913386b154e, type: 2}
    m_SubmeshIndex: 0
    m_ManualUV: 1
    elementGroup: 0
    m_TextureGroup: -1
  - m_Indexes: 390000003a0000003b000000
    m_SmoothingGroup: 0
    m_Uv:
      m_UseWorldSpace: 0
      m_FlipU: 0
      m_FlipV: 0
      m_SwapUV: 0
      m_Fill: 1
      m_Scale: {x: 1, y: 1}
      m_Offset: {x: 0, y: 0}
      m_Rotation: 0
      m_Anchor: 9
    m_Material: {fileID: 2100000, guid: c22777d6e868e4f2fb421913386b154e, type: 2}
    m_SubmeshIndex: 0
    m_ManualUV: 0
    elementGroup: 0
    m_TextureGroup: -1
  - m_Indexes: 3e0000003d0000003c000000
    m_SmoothingGroup: 0
    m_Uv:
      m_UseWorldSpace: 0
      m_FlipU: 0
      m_FlipV: 0
      m_SwapUV: 0
      m_Fill: 1
      m_Scale: {x: 1, y: 1}
      m_Offset: {x: 0, y: 0}
      m_Rotation: 0
      m_Anchor: 9
    m_Material: {fileID: 2100000, guid: c22777d6e868e4f2fb421913386b154e, type: 2}
    m_SubmeshIndex: 0
    m_ManualUV: 1
    elementGroup: 0
    m_TextureGroup: -1
  - m_Indexes: 3f0000004000000041000000
    m_SmoothingGroup: 0
    m_Uv:
      m_UseWorldSpace: 0
      m_FlipU: 0
      m_FlipV: 0
      m_SwapUV: 0
      m_Fill: 1
      m_Scale: {x: 1, y: 1}
      m_Offset: {x: 0, y: 0}
      m_Rotation: 0
      m_Anchor: 9
    m_Material: {fileID: 2100000, guid: c22777d6e868e4f2fb421913386b154e, type: 2}
    m_SubmeshIndex: 0
    m_ManualUV: 0
    elementGroup: 0
    m_TextureGroup: -1
  - m_Indexes: 440000004300000042000000
    m_SmoothingGroup: 0
    m_Uv:
      m_UseWorldSpace: 0
      m_FlipU: 0
      m_FlipV: 0
      m_SwapUV: 0
      m_Fill: 1
      m_Scale: {x: 1, y: 1}
      m_Offset: {x: 0, y: 0}
      m_Rotation: 0
      m_Anchor: 9
    m_Material: {fileID: 2100000, guid: c22777d6e868e4f2fb421913386b154e, type: 2}
    m_SubmeshIndex: 0
    m_ManualUV: 1
    elementGroup: 0
    m_TextureGroup: -1
  - m_Indexes: 450000004600000047000000
    m_SmoothingGroup: 0
    m_Uv:
      m_UseWorldSpace: 0
      m_FlipU: 0
      m_FlipV: 0
      m_SwapUV: 0
      m_Fill: 1
      m_Scale: {x: 1, y: 1}
      m_Offset: {x: 0, y: 0}
      m_Rotation: 0
      m_Anchor: 9
    m_Material: {fileID: 2100000, guid: c22777d6e868e4f2fb421913386b154e, type: 2}
    m_SubmeshIndex: 0
    m_ManualUV: 0
    elementGroup: 0
    m_TextureGroup: -1
  - m_Indexes: 4a0000004900000048000000
    m_SmoothingGroup: 0
    m_Uv:
      m_UseWorldSpace: 0
      m_FlipU: 0
      m_FlipV: 0
      m_SwapUV: 0
      m_Fill: 1
      m_Scale: {x: 1, y: 1}
      m_Offset: {x: 0, y: 0}
      m_Rotation: 0
      m_Anchor: 9
    m_Material: {fileID: 2100000, guid: c22777d6e868e4f2fb421913386b154e, type: 2}
    m_SubmeshIndex: 0
    m_ManualUV: 1
    elementGroup: 0
    m_TextureGroup: -1
  - m_Indexes: 4b0000004c0000004d000000
    m_SmoothingGroup: 0
    m_Uv:
      m_UseWorldSpace: 0
      m_FlipU: 0
      m_FlipV: 0
      m_SwapUV: 0
      m_Fill: 1
      m_Scale: {x: 1, y: 1}
      m_Offset: {x: 0, y: 0}
      m_Rotation: 0
      m_Anchor: 9
    m_Material: {fileID: 2100000, guid: c22777d6e868e4f2fb421913386b154e, type: 2}
    m_SubmeshIndex: 0
    m_ManualUV: 0
    elementGroup: 0
    m_TextureGroup: -1
  - m_Indexes: 500000004f0000004e000000
    m_SmoothingGroup: 0
    m_Uv:
      m_UseWorldSpace: 0
      m_FlipU: 0
      m_FlipV: 0
      m_SwapUV: 0
      m_Fill: 1
      m_Scale: {x: 1, y: 1}
      m_Offset: {x: 0, y: 0}
      m_Rotation: 0
      m_Anchor: 9
    m_Material: {fileID: 2100000, guid: c22777d6e868e4f2fb421913386b154e, type: 2}
    m_SubmeshIndex: 0
    m_ManualUV: 1
    elementGroup: 0
    m_TextureGroup: -1
  - m_Indexes: 510000005200000053000000
    m_SmoothingGroup: 0
    m_Uv:
      m_UseWorldSpace: 0
      m_FlipU: 0
      m_FlipV: 0
      m_SwapUV: 0
      m_Fill: 1
      m_Scale: {x: 1, y: 1}
      m_Offset: {x: 0, y: 0}
      m_Rotation: 0
      m_Anchor: 9
    m_Material: {fileID: 2100000, guid: c22777d6e868e4f2fb421913386b154e, type: 2}
    m_SubmeshIndex: 0
    m_ManualUV: 0
    elementGroup: 0
    m_TextureGroup: -1
  - m_Indexes: 560000005500000054000000
    m_SmoothingGroup: 0
    m_Uv:
      m_UseWorldSpace: 0
      m_FlipU: 0
      m_FlipV: 0
      m_SwapUV: 0
      m_Fill: 1
      m_Scale: {x: 1, y: 1}
      m_Offset: {x: 0, y: 0}
      m_Rotation: 0
      m_Anchor: 9
    m_Material: {fileID: 2100000, guid: c22777d6e868e4f2fb421913386b154e, type: 2}
    m_SubmeshIndex: 0
    m_ManualUV: 1
    elementGroup: 0
    m_TextureGroup: -1
  - m_Indexes: 570000005800000059000000
    m_SmoothingGroup: 0
    m_Uv:
      m_UseWorldSpace: 0
      m_FlipU: 0
      m_FlipV: 0
      m_SwapUV: 0
      m_Fill: 1
      m_Scale: {x: 1, y: 1}
      m_Offset: {x: 0, y: 0}
      m_Rotation: 0
      m_Anchor: 9
    m_Material: {fileID: 2100000, guid: c22777d6e868e4f2fb421913386b154e, type: 2}
    m_SubmeshIndex: 0
    m_ManualUV: 0
    elementGroup: 0
    m_TextureGroup: -1
  m_SharedVertices:
  - m_Vertices: 00000000030000005500000058000000
  - m_Vertices: 01000000040000000600000009000000
  - m_Vertices: 02000000080000000e000000140000001a00000020000000260000002c00000032000000380000003e000000440000004a0000005000000056000000
  - m_Vertices: 050000000b00000011000000170000001d00000023000000290000002f000000350000003b00000041000000470000004d0000005300000059000000
  - m_Vertices: 070000000a0000000c0000000f000000
  - m_Vertices: 0d000000100000001200000015000000
  - m_Vertices: 1300000016000000180000001b000000
  - m_Vertices: 190000001c0000001e00000021000000
  - m_Vertices: 1f000000220000002400000027000000
  - m_Vertices: 25000000280000002a0000002d000000
  - m_Vertices: 2b0000002e0000003000000033000000
  - m_Vertices: 31000000340000003600000039000000
  - m_Vertices: 370000003a0000003c0000003f000000
  - m_Vertices: 3d000000400000004200000045000000
  - m_Vertices: 4300000046000000480000004b000000
  - m_Vertices: 490000004c0000004e00000051000000
  - m_Vertices: 4f000000520000005400000057000000
  m_SharedTextures: []
  m_Positions:
  - {x: 0, y: 0, z: 0}
  - {x: -0.08645457, y: 0, z: 0.40673664}
  - {x: -1, y: 2, z: 0}
  - {x: 0, y: 0, z: 0}
  - {x: -0.08645457, y: 0, z: 0.40673664}
  - {x: -1, y: 0, z: 0}
  - {x: -0.08645457, y: 0, z: 0.40673664}
  - {x: -0.33086944, y: 0, z: 0.74314487}
  - {x: -1, y: 2, z: 0}
  - {x: -0.08645457, y: 0, z: 0.40673664}
  - {x: -0.33086944, y: 0, z: 0.74314487}
  - {x: -1, y: 0, z: 0}
  - {x: -0.33086944, y: 0, z: 0.74314487}
  - {x: -0.69098306, y: 0, z: 0.95105654}
  - {x: -1, y: 2, z: 0}
  - {x: -0.33086944, y: 0, z: 0.74314487}
  - {x: -0.69098306, y: 0, z: 0.95105654}
  - {x: -1, y: 0, z: 0}
  - {x: -0.69098306, y: 0, z: 0.95105654}
  - {x: -1.1045285, y: 0, z: 0.9945219}
  - {x: -1, y: 2, z: 0}
  - {x: -0.69098306, y: 0, z: 0.95105654}
  - {x: -1.1045285, y: 0, z: 0.9945219}
  - {x: -1, y: 0, z: 0}
  - {x: -1.1045285, y: 0, z: 0.9945219}
  - {x: -1.5, y: 0, z: 0.8660254}
  - {x: -1, y: 2, z: 0}
  - {x: -1.1045285, y: 0, z: 0.9945219}
  - {x: -1.5, y: 0, z: 0.8660254}
  - {x: -1, y: 0, z: 0}
  - {x: -1.5, y: 0, z: 0.8660254}
  - {x: -1.8090171, y: 0, z: 0.5877852}
  - {x: -1, y: 2, z: 0}
  - {x: -1.5, y: 0, z: 0.8660254}
  - {x: -1.8090171, y: 0, z: 0.5877852}
  - {x: -1, y: 0, z: 0}
  - {x: -1.8090171, y: 0, z: 0.5877852}
  - {x: -1.9781476, y: 0, z: 0.20791161}
  - {x: -1, y: 2, z: 0}
  - {x: -1.8090171, y: 0, z: 0.5877852}
  - {x: -1.9781476, y: 0, z: 0.20791161}
  - {x: -1, y: 0, z: 0}
  - {x: -1.9781476, y: 0, z: 0.20791161}
  - {x: -1.9781475, y: 0, z: -0.20791179}
  - {x: -1, y: 2, z: 0}
  - {x: -1.9781476, y: 0, z: 0.20791161}
  - {x: -1.9781475, y: 0, z: -0.20791179}
  - {x: -1, y: 0, z: 0}
  - {x: -1.9781475, y: 0, z: -0.20791179}
  - {x: -1.8090171, y: 0, z: -0.5877851}
  - {x: -1, y: 2, z: 0}
  - {x: -1.9781475, y: 0, z: -0.20791179}
  - {x: -1.8090171, y: 0, z: -0.5877851}
  - {x: -1, y: 0, z: 0}
  - {x: -1.8090171, y: 0, z: -0.5877851}
  - {x: -1.4999999, y: 0, z: -0.86602545}
  - {x: -1, y: 2, z: 0}
  - {x: -1.8090171, y: 0, z: -0.5877851}
  - {x: -1.4999999, y: 0, z: -0.86602545}
  - {x: -1, y: 0, z: 0}
  - {x: -1.4999999, y: 0, z: -0.86602545}
  - {x: -1.1045283, y: 0, z: -0.9945219}
  - {x: -1, y: 2, z: 0}
  - {x: -1.4999999, y: 0, z: -0.86602545}
  - {x: -1.1045283, y: 0, z: -0.9945219}
  - {x: -1, y: 0, z: 0}
  - {x: -1.1045283, y: 0, z: -0.9945219}
  - {x: -0.6909829, y: 0, z: -0.9510565}
  - {x: -1, y: 2, z: 0}
  - {x: -1.1045283, y: 0, z: -0.9945219}
  - {x: -0.6909829, y: 0, z: -0.9510565}
  - {x: -1, y: 0, z: 0}
  - {x: -0.6909829, y: 0, z: -0.9510565}
  - {x: -0.33086926, y: 0, z: -0.74314475}
  - {x: -1, y: 2, z: 0}
  - {x: -0.6909829, y: 0, z: -0.9510565}
  - {x: -0.33086926, y: 0, z: -0.74314475}
  - {x: -1, y: 0, z: 0}
  - {x: -0.33086926, y: 0, z: -0.74314475}
  - {x: -0.08645445, y: 0, z: -0.4067365}
  - {x: -1, y: 2, z: 0}
  - {x: -0.33086926, y: 0, z: -0.74314475}
  - {x: -0.08645445, y: 0, z: -0.4067365}
  - {x: -1, y: 0, z: 0}
  - {x: -0.08645445, y: 0, z: -0.4067365}
  - {x: 0, y: 0, z: 0}
  - {x: -1, y: 2, z: 0}
  - {x: -0.08645445, y: 0, z: -0.4067365}
  - {x: 0, y: 0, z: 0}
  - {x: -1, y: 0, z: 0}
  m_Textures0:
  - {x: 0, y: 3.8928993e-10}
  - {x: 0.41582337, y: 0}
  - {x: 0.20791176, y: 2.226381}
  - {x: 0, y: 0}
  - {x: 0.08645457, y: 0.40673664}
  - {x: 1, y: 0}
  - {x: 0, y: 3.8928993e-10}
  - {x: 0.41582337, y: 0}
  - {x: 0.20791176, y: 2.226381}
  - {x: 0.08645457, y: 0.40673664}
  - {x: 0.33086944, y: 0.74314487}
  - {x: 1, y: 0}
  - {x: 0, y: 3.8928993e-10}
  - {x: 0.41582337, y: 0}
  - {x: 0.20791176, y: 2.226381}
  - {x: 0.33086944, y: 0.74314487}
  - {x: 0.69098306, y: 0.95105654}
  - {x: 1, y: 0}
  - {x: 0, y: 3.8928993e-10}
  - {x: 0.41582337, y: 0}
  - {x: 0.20791176, y: 2.226381}
  - {x: 0.69098306, y: 0.95105654}
  - {x: 1.1045285, y: 0.9945219}
  - {x: 1, y: 0}
  - {x: 0, y: 3.8928993e-10}
  - {x: 0.41582337, y: 0}
  - {x: 0.20791176, y: 2.226381}
  - {x: 1.1045285, y: 0.9945219}
  - {x: 1.5, y: 0.8660254}
  - {x: 1, y: 0}
  - {x: 0, y: 3.8928993e-10}
  - {x: 0.41582337, y: 0}
  - {x: 0.20791176, y: 2.226381}
  - {x: 1.5, y: 0.8660254}
  - {x: 1.8090171, y: 0.5877852}
  - {x: 1, y: 0}
  - {x: 0, y: 3.8928993e-10}
  - {x: 0.41582337, y: 0}
  - {x: 0.20791176, y: 2.226381}
  - {x: 1.8090171, y: 0.5877852}
  - {x: 1.9781476, y: 0.20791161}
  - {x: 1, y: 0}
  - {x: 0, y: 3.8928993e-10}
  - {x: 0.41582337, y: 0}
  - {x: 0.20791176, y: 2.226381}
  - {x: 1.9781476, y: 0.20791161}
  - {x: 1.9781475, y: -0.20791179}
  - {x: 1, y: 0}
  - {x: 0, y: 3.8928993e-10}
  - {x: 0.41582337, y: 0}
  - {x: 0.20791176, y: 2.226381}
  - {x: 1.9781475, y: -0.20791179}
  - {x: 1.8090171, y: -0.5877851}
  - {x: 1, y: 0}
  - {x: 0, y: 3.8928993e-10}
  - {x: 0.41582337, y: 0}
  - {x: 0.20791176, y: 2.226381}
  - {x: 1.8090171, y: -0.5877851}
  - {x: 1.4999999, y: -0.86602545}
  - {x: 1, y: 0}
  - {x: 0, y: 3.8928993e-10}
  - {x: 0.41582337, y: 0}
  - {x: 0.20791176, y: 2.226381}
  - {x: 1.4999999, y: -0.86602545}
  - {x: 1.1045283, y: -0.9945219}
  - {x: 1, y: 0}
  - {x: 0, y: 3.8928993e-10}
  - {x: 0.41582337, y: 0}
  - {x: 0.20791176, y: 2.226381}
  - {x: 1.1045283, y: -0.9945219}
  - {x: 0.6909829, y: -0.9510565}
  - {x: 1, y: 0}
  - {x: 0, y: 3.8928993e-10}
  - {x: 0.41582337, y: 0}
  - {x: 0.20791176, y: 2.226381}
  - {x: 0.6909829, y: -0.9510565}
  - {x: 0.33086926, y: -0.74314475}
  - {x: 1, y: 0}
  - {x: 0, y: 3.8928993e-10}
  - {x: 0.41582337, y: 0}
  - {x: 0.20791176, y: 2.226381}
  - {x: 0.33086926, y: -0.74314475}
  - {x: 0.08645445, y: -0.4067365}
  - {x: 1, y: 0}
  - {x: 0, y: 3.8928993e-10}
  - {x: 0.41582337, y: 0}
  - {x: 0.20791176, y: 2.226381}
  - {x: 0.08645445, y: -0.4067365}
  - {x: 0, y: 0}
  - {x: 1, y: 0}
  m_Textures2: []
  m_Textures3: []
  m_Tangents:
  - {x: -0.20791176, y: 0, z: 0.9781476, w: -1}
  - {x: -0.20791176, y: 0, z: 0.9781476, w: -1}
  - {x: -0.20791176, y: 0, z: 0.9781476, w: -1}
  - {x: -1, y: 0, z: 0, w: -1}
  - {x: -1, y: 0, z: 0, w: -1}
  - {x: -1, y: 0, z: 0, w: -1}
  - {x: -0.58778524, y: 0, z: 0.809017, w: -1}
  - {x: -0.58778524, y: 0, z: 0.809017, w: -1}
  - {x: -0.58778524, y: 0, z: 0.809017, w: -1}
  - {x: -1, y: 0, z: 0, w: -1}
  - {x: -1, y: 0, z: 0, w: -1}
  - {x: -1, y: 0, z: 0, w: -1}
  - {x: -0.86602545, y: 0.000000013093477, z: 0.49999997, w: -1}
  - {x: -0.86602545, y: 0.000000013093477, z: 0.49999997, w: -1}
  - {x: -0.86602545, y: 0.000000013093477, z: 0.49999997, w: -1}
  - {x: -1, y: 0, z: 0, w: -1}
  - {x: -1, y: 0, z: 0, w: -1}
  - {x: -1, y: 0, z: 0, w: -1}
  - {x: -0.994522, y: -0.0000000032733694, z: 0.10452845, w: -1}
  - {x: -0.994522, y: -0.0000000032733694, z: 0.10452845, w: -1}
  - {x: -0.994522, y: -0.0000000032733694, z: 0.10452845, w: -1}
  - {x: -1, y: 0, z: 0, w: -1}
  - {x: -1, y: 0, z: 0, w: -1}
  - {x: -1, y: 0, z: 0, w: -1}
  - {x: -0.9510565, y: 0.000000013093481, z: -0.30901712, w: -1}
  - {x: -0.9510565, y: 0.000000013093481, z: -0.30901712, w: -1}
  - {x: -0.9510565, y: 0.000000013093481, z: -0.30901712, w: -1}
  - {x: -1, y: 0, z: 0, w: -1}
  - {x: -1, y: 0, z: 0, w: -1}
  - {x: -1, y: 0, z: 0, w: -1}
  - {x: -0.7431448, y: 0, z: -0.66913056, w: -1}
  - {x: -0.7431448, y: 0, z: -0.66913056, w: -1}
  - {x: -0.7431448, y: 0, z: -0.66913056, w: -1}
  - {x: -1, y: 0, z: 0, w: -1}
  - {x: -1, y: 0, z: 0, w: -1}
  - {x: -1, y: 0, z: 0, w: -1}
  - {x: -0.40673655, y: 0, z: -0.9135455, w: -1}
  - {x: -0.40673655, y: 0, z: -0.9135455, w: -1}
  - {x: -0.40673655, y: 0, z: -0.9135455, w: -1}
  - {x: -1, y: 0, z: 0, w: -1}
  - {x: -1, y: 0, z: 0, w: -1}
  - {x: -1, y: 0, z: 0, w: -1}
  - {x: 0.0000002866825, y: 0, z: -1, w: -1}
  - {x: 0.0000002866825, y: 0, z: -1, w: -1}
  - {x: 0.0000002866825, y: 0, z: -1, w: -1}
  - {x: -1, y: 0, z: 0, w: -1}
  - {x: -1, y: 0, z: 0, w: -1}
  - {x: -1, y: 0, z: 0, w: -1}
  - {x: 0.40673655, y: 0, z: -0.91354555, w: -1}
  - {x: 0.40673655, y: 0, z: -0.91354555, w: -1}
  - {x: 0.40673655, y: 0, z: -0.91354555, w: -1}
  - {x: -1, y: 0, z: 0, w: -1}
  - {x: -1, y: 0, z: 0, w: -1}
  - {x: -1, y: 0, z: 0, w: -1}
  - {x: 0.74314487, y: 0.000000013093469, z: -0.6691306, w: -1}
  - {x: 0.74314487, y: 0.000000013093469, z: -0.6691306, w: -1}
  - {x: 0.74314487, y: 0.000000013093469, z: -0.6691306, w: -1}
  - {x: -1, y: 0, z: 0, w: -1}
  - {x: -1, y: 0, z: 0, w: -1}
  - {x: -1, y: 0, z: 0, w: -1}
  - {x: 0.9510566, y: -0.000000013093477, z: -0.3090169, w: -1}
  - {x: 0.9510566, y: -0.000000013093477, z: -0.3090169, w: -1}
  - {x: 0.9510566, y: -0.000000013093477, z: -0.3090169, w: -1}
  - {x: -1, y: 0, z: 0, w: -1}
  - {x: -1, y: 0, z: 0, w: -1}
  - {x: -1, y: 0, z: 0, w: -1}
  - {x: 0.9945219, y: 0, z: 0.104528606, w: -1}
  - {x: 0.9945219, y: 0, z: 0.104528606, w: -1}
  - {x: 0.9945219, y: 0, z: 0.104528606, w: -1}
  - {x: -1, y: 0, z: 0, w: -1}
  - {x: -1, y: 0, z: 0, w: -1}
  - {x: -1, y: 0, z: 0, w: -1}
  - {x: 0.8660253, y: -0.000000013093476, z: 0.50000006, w: -1}
  - {x: 0.8660253, y: -0.000000013093476, z: 0.50000006, w: -1}
  - {x: 0.8660253, y: -0.000000013093476, z: 0.50000006, w: -1}
  - {x: -1, y: 0, z: 0, w: -1}
  - {x: -1, y: 0, z: 0, w: -1}
  - {x: -1, y: 0, z: 0, w: -1}
  - {x: 0.58778507, y: 0, z: 0.80901706, w: -1}
  - {x: 0.58778507, y: 0, z: 0.80901706, w: -1}
  - {x: 0.58778507, y: 0, z: 0.80901706, w: -1}
  - {x: -1, y: 0, z: 0, w: -1}
  - {x: -1, y: 0, z: 0, w: -1}
  - {x: -1, y: 0, z: 0, w: -1}
  - {x: 0.20791155, y: 0, z: 0.9781476, w: -1}
  - {x: 0.20791155, y: 0, z: 0.9781476, w: -1}
  - {x: 0.20791155, y: 0, z: 0.9781476, w: -1}
  - {x: -1, y: 0, z: 0, w: -1}
  - {x: -1, y: 0, z: 0, w: -1}
  - {x: -1, y: 0, z: 0, w: -1}
  m_Colors: []
  m_UnwrapParameters:
    m_HardAngle: 88
    m_PackMargin: 20
    m_AngleError: 8
    m_AreaError: 15
  m_PreserveMeshAssetOnDestroy: 0
  assetGuid: 
  m_Mesh: {fileID: 0}
  m_IsSelectable: 1
  m_SelectedFaces: 
  m_SelectedEdges: []
  m_SelectedVertices: 
--- !u!23 &2726870689241837563
MeshRenderer:
  m_ObjectHideFlags: 0
  m_CorrespondingSourceObject: {fileID: 0}
  m_PrefabInstance: {fileID: 0}
  m_PrefabAsset: {fileID: 0}
  m_GameObject: {fileID: 2726870689241836551}
  m_Enabled: 1
  m_CastShadows: 1
  m_ReceiveShadows: 1
  m_DynamicOccludee: 1
  m_MotionVectors: 1
  m_LightProbeUsage: 1
  m_ReflectionProbeUsage: 1
  m_RayTracingMode: 2
  m_RayTraceProcedural: 0
  m_RenderingLayerMask: 1
  m_RendererPriority: 0
  m_Materials:
  - {fileID: 2100000, guid: c22777d6e868e4f2fb421913386b154e, type: 2}
  m_StaticBatchInfo:
    firstSubMesh: 0
    subMeshCount: 0
  m_StaticBatchRoot: {fileID: 0}
  m_ProbeAnchor: {fileID: 0}
  m_LightProbeVolumeOverride: {fileID: 0}
  m_ScaleInLightmap: 1
  m_ReceiveGI: 1
  m_PreserveUVs: 0
  m_IgnoreNormalsForChartDetection: 0
  m_ImportantGI: 0
  m_StitchLightmapSeams: 1
  m_SelectedEditorRenderState: 3
  m_MinimumChartSize: 4
  m_AutoUVMaxDistance: 0.5
  m_AutoUVMaxAngle: 89
  m_LightmapParameters: {fileID: 0}
  m_SortingLayerID: 0
  m_SortingLayer: 0
  m_SortingOrder: 0
  m_AdditionalVertexStreams: {fileID: 0}
--- !u!33 &2726870689241837562
MeshFilter:
  m_ObjectHideFlags: 0
  m_CorrespondingSourceObject: {fileID: 0}
  m_PrefabInstance: {fileID: 0}
  m_PrefabAsset: {fileID: 0}
  m_GameObject: {fileID: 2726870689241836551}
  m_Mesh: {fileID: 0}
--- !u!64 &2726870689241837561
MeshCollider:
  m_ObjectHideFlags: 0
  m_CorrespondingSourceObject: {fileID: 0}
  m_PrefabInstance: {fileID: 0}
  m_PrefabAsset: {fileID: 0}
  m_GameObject: {fileID: 2726870689241836551}
  m_Material: {fileID: 0}
  m_IsTrigger: 0
  m_Enabled: 1
  serializedVersion: 4
  m_Convex: 0
  m_CookingOptions: 30
  m_Mesh: {fileID: 0}
--- !u!1 &2726870689959435427
GameObject:
  m_ObjectHideFlags: 0
  m_CorrespondingSourceObject: {fileID: 0}
  m_PrefabInstance: {fileID: 0}
  m_PrefabAsset: {fileID: 0}
  serializedVersion: 6
  m_Component:
  - component: {fileID: 2726870689959435428}
  - component: {fileID: 2726870689959435429}
  m_Layer: 0
  m_Name: Spot Light
  m_TagString: Untagged
  m_Icon: {fileID: 0}
  m_NavMeshLayer: 0
  m_StaticEditorFlags: 0
  m_IsActive: 1
--- !u!4 &2726870689959435428
Transform:
  m_ObjectHideFlags: 0
  m_CorrespondingSourceObject: {fileID: 0}
  m_PrefabInstance: {fileID: 0}
  m_PrefabAsset: {fileID: 0}
  m_GameObject: {fileID: 2726870689959435427}
  m_LocalRotation: {x: 0.7071068, y: 0, z: 0, w: 0.7071068}
  m_LocalPosition: {x: -0.95, y: 0.25, z: -0.18}
  m_LocalScale: {x: 1, y: 1, z: 1}
  m_Children: []
  m_Father: {fileID: 2726870689241837560}
  m_RootOrder: 0
  m_LocalEulerAnglesHint: {x: 90, y: 0, z: 0}
--- !u!108 &2726870689959435429
Light:
  m_ObjectHideFlags: 0
  m_CorrespondingSourceObject: {fileID: 0}
  m_PrefabInstance: {fileID: 0}
  m_PrefabAsset: {fileID: 0}
  m_GameObject: {fileID: 2726870689959435427}
  m_Enabled: 1
  serializedVersion: 10
  m_Type: 0
  m_Shape: 0
  m_Color: {r: 1, g: 1, b: 1, a: 1}
  m_Intensity: 5
  m_Range: 27.66
  m_SpotAngle: 65
  m_InnerSpotAngle: 21.80208
  m_CookieSize: 10
  m_Shadows:
    m_Type: 0
    m_Resolution: -1
    m_CustomResolution: -1
    m_Strength: 1
    m_Bias: 0.05
    m_NormalBias: 0.4
    m_NearPlane: 0.2
    m_CullingMatrixOverride:
      e00: 1
      e01: 0
      e02: 0
      e03: 0
      e10: 0
      e11: 1
      e12: 0
      e13: 0
      e20: 0
      e21: 0
      e22: 1
      e23: 0
      e30: 0
      e31: 0
      e32: 0
      e33: 1
    m_UseCullingMatrixOverride: 0
  m_Cookie: {fileID: 0}
  m_DrawHalo: 0
  m_Flare: {fileID: 0}
  m_RenderMode: 0
  m_CullingMask:
    serializedVersion: 2
    m_Bits: 4294967295
  m_RenderingLayerMask: 1
  m_Lightmapping: 1
  m_LightShadowCasterMode: 0
  m_AreaSize: {x: 1, y: 1}
  m_BounceIntensity: 1
  m_ColorTemperature: 6570
  m_UseColorTemperature: 0
  m_BoundingSphereOverride: {x: 0, y: 0, z: 0, w: 0}
  m_UseBoundingSphereOverride: 0
  m_UseViewFrustumForShadowCasterCull: 1
  m_ShadowRadius: 0
  m_ShadowAngle: 0
