%YAML 1.1
%TAG !u! tag:unity3d.com,2011:
--- !u!1 &1811147651769711285
GameObject:
  m_ObjectHideFlags: 0
  m_CorrespondingSourceObject: {fileID: 0}
  m_PrefabInstance: {fileID: 0}
  m_PrefabAsset: {fileID: 0}
  serializedVersion: 6
  m_Component:
  - component: {fileID: 1811147651769711282}
  - component: {fileID: -2682901452219961417}
  m_Layer: 0
  m_Name: DeadFX Prefab
  m_TagString: Untagged
  m_Icon: {fileID: 0}
  m_NavMeshLayer: 0
  m_StaticEditorFlags: 0
  m_IsActive: 1
--- !u!4 &1811147651769711282
Transform:
  m_ObjectHideFlags: 0
  m_CorrespondingSourceObject: {fileID: 0}
  m_PrefabInstance: {fileID: 0}
  m_PrefabAsset: {fileID: 0}
  m_GameObject: {fileID: 1811147651769711285}
  m_LocalRotation: {x: 0, y: 0, z: 0, w: 1}
  m_LocalPosition: {x: 0, y: 0, z: 0}
  m_LocalScale: {x: 1, y: 1, z: 1}
  m_Children:
  - {fileID: 9210034235337416412}
  - {fileID: 3884213438290366464}
  m_Father: {fileID: 0}
  m_RootOrder: 0
  m_LocalEulerAnglesHint: {x: 0, y: 0, z: 0}
--- !u!114 &-2682901452219961417
MonoBehaviour:
  m_ObjectHideFlags: 0
  m_CorrespondingSourceObject: {fileID: 0}
  m_PrefabInstance: {fileID: 0}
  m_PrefabAsset: {fileID: 0}
  m_GameObject: {fileID: 1811147651769711285}
  m_Enabled: 1
  m_EditorHideFlags: 0
  m_Script: {fileID: 11500000, guid: a402b1032f304bdaa091790d31b2fc3d, type: 3}
  m_Name: 
  m_EditorClassIdentifier: 
  particleType: {fileID: 11400000, guid: b2ae2d6158d91c44da19a0b8ab979191, type: 2}
--- !u!1001 &2449158458527655774
PrefabInstance:
  m_ObjectHideFlags: 0
  serializedVersion: 2
  m_Modification:
    m_TransformParent: {fileID: 1811147651769711282}
    m_Modifications:
    - target: {fileID: 754955727101592833, guid: 02b35c9d651f38c4693b3dbf1b7caac3, type: 3}
      propertyPath: m_LocalPosition.y
      value: -1
      objectReference: {fileID: 0}
    - target: {fileID: 2140108152676304983, guid: 02b35c9d651f38c4693b3dbf1b7caac3, type: 3}
      propertyPath: m_Mesh
      value: 
      objectReference: {fileID: -8591109690639969796, guid: 4b1f35990d390254d937dfd3d7a3573a, type: 3}
    - target: {fileID: 2140108152676304983, guid: 02b35c9d651f38c4693b3dbf1b7caac3, type: 3}
      propertyPath: m_Materials.Array.size
      value: 2
      objectReference: {fileID: 0}
    - target: {fileID: 2140108152676304983, guid: 02b35c9d651f38c4693b3dbf1b7caac3, type: 3}
      propertyPath: m_Materials.Array.data[0]
      value: 
      objectReference: {fileID: 2100000, guid: 7ba9e721e9251c94d8c16e9c732824ba, type: 2}
    - target: {fileID: 2140108152676304983, guid: 02b35c9d651f38c4693b3dbf1b7caac3, type: 3}
      propertyPath: m_Materials.Array.data[1]
      value: 
      objectReference: {fileID: 10754, guid: 0000000000000000f000000000000000, type: 0}
    - target: {fileID: 4213384224845080943, guid: 02b35c9d651f38c4693b3dbf1b7caac3, type: 3}
      propertyPath: TrailModule.mode
      value: 0
      objectReference: {fileID: 0}
    - target: {fileID: 4213384224845080943, guid: 02b35c9d651f38c4693b3dbf1b7caac3, type: 3}
      propertyPath: TrailModule.enabled
      value: 1
      objectReference: {fileID: 0}
    - target: {fileID: 4213384224845080943, guid: 02b35c9d651f38c4693b3dbf1b7caac3, type: 3}
      propertyPath: TrailModule.worldSpace
      value: 0
      objectReference: {fileID: 0}
    - target: {fileID: 4213384224845080943, guid: 02b35c9d651f38c4693b3dbf1b7caac3, type: 3}
      propertyPath: TrailModule.lifetime.scalar
      value: 0.035
      objectReference: {fileID: 0}
    - target: {fileID: 4213384224845080943, guid: 02b35c9d651f38c4693b3dbf1b7caac3, type: 3}
      propertyPath: InitialModule.startSize.scalar
      value: 0.2
      objectReference: {fileID: 0}
    - target: {fileID: 4213384224845080943, guid: 02b35c9d651f38c4693b3dbf1b7caac3, type: 3}
      propertyPath: InitialModule.startSpeed.scalar
      value: 3
      objectReference: {fileID: 0}
    - target: {fileID: 4213384224845080943, guid: 02b35c9d651f38c4693b3dbf1b7caac3, type: 3}
      propertyPath: TrailModule.generateLightingData
      value: 0
      objectReference: {fileID: 0}
    - target: {fileID: 4213384224845080943, guid: 02b35c9d651f38c4693b3dbf1b7caac3, type: 3}
      propertyPath: TrailModule.colorOverTrail.maxColor.b
      value: 0.19607843
      objectReference: {fileID: 0}
    - target: {fileID: 4213384224845080943, guid: 02b35c9d651f38c4693b3dbf1b7caac3, type: 3}
      propertyPath: TrailModule.colorOverTrail.maxColor.g
      value: 0.07058824
      objectReference: {fileID: 0}
    - target: {fileID: 4213384224845080943, guid: 02b35c9d651f38c4693b3dbf1b7caac3, type: 3}
      propertyPath: TrailModule.colorOverTrail.maxColor.r
      value: 0.79607844
      objectReference: {fileID: 0}
    - target: {fileID: 4213384224845080943, guid: 02b35c9d651f38c4693b3dbf1b7caac3, type: 3}
      propertyPath: TrailModule.widthOverTrail.minMaxState
      value: 1
      objectReference: {fileID: 0}
    - target: {fileID: 4213384224845080943, guid: 02b35c9d651f38c4693b3dbf1b7caac3, type: 3}
      propertyPath: EmissionModule.m_Bursts.Array.data[0].countCurve.scalar
      value: 15
      objectReference: {fileID: 0}
    - target: {fileID: 4213384224845080943, guid: 02b35c9d651f38c4693b3dbf1b7caac3, type: 3}
      propertyPath: TrailModule.widthOverTrail.maxCurve.m_Curve.Array.data[1].time
      value: 1
      objectReference: {fileID: 0}
    - target: {fileID: 4213384224845080943, guid: 02b35c9d651f38c4693b3dbf1b7caac3, type: 3}
      propertyPath: TrailModule.widthOverTrail.maxCurve.m_Curve.Array.data[1].value
      value: 0
      objectReference: {fileID: 0}
    - target: {fileID: 5292177086255406731, guid: 02b35c9d651f38c4693b3dbf1b7caac3, type: 3}
      propertyPath: m_Name
      value: MeatFX
      objectReference: {fileID: 0}
    - target: {fileID: 6786280270297708930, guid: 02b35c9d651f38c4693b3dbf1b7caac3, type: 3}
      propertyPath: m_RootOrder
      value: 0
      objectReference: {fileID: 0}
    - target: {fileID: 6786280270297708930, guid: 02b35c9d651f38c4693b3dbf1b7caac3, type: 3}
      propertyPath: m_LocalPosition.x
      value: 0
      objectReference: {fileID: 0}
    - target: {fileID: 6786280270297708930, guid: 02b35c9d651f38c4693b3dbf1b7caac3, type: 3}
      propertyPath: m_LocalPosition.y
      value: 1
      objectReference: {fileID: 0}
    - target: {fileID: 6786280270297708930, guid: 02b35c9d651f38c4693b3dbf1b7caac3, type: 3}
      propertyPath: m_LocalPosition.z
      value: 0
      objectReference: {fileID: 0}
    - target: {fileID: 6786280270297708930, guid: 02b35c9d651f38c4693b3dbf1b7caac3, type: 3}
      propertyPath: m_LocalRotation.w
      value: 1
      objectReference: {fileID: 0}
    - target: {fileID: 6786280270297708930, guid: 02b35c9d651f38c4693b3dbf1b7caac3, type: 3}
      propertyPath: m_LocalRotation.x
      value: 0
      objectReference: {fileID: 0}
    - target: {fileID: 6786280270297708930, guid: 02b35c9d651f38c4693b3dbf1b7caac3, type: 3}
      propertyPath: m_LocalRotation.y
      value: 0
      objectReference: {fileID: 0}
    - target: {fileID: 6786280270297708930, guid: 02b35c9d651f38c4693b3dbf1b7caac3, type: 3}
      propertyPath: m_LocalRotation.z
      value: 0
      objectReference: {fileID: 0}
    - target: {fileID: 6786280270297708930, guid: 02b35c9d651f38c4693b3dbf1b7caac3, type: 3}
      propertyPath: m_LocalEulerAnglesHint.x
      value: -90
      objectReference: {fileID: 0}
    - target: {fileID: 6786280270297708930, guid: 02b35c9d651f38c4693b3dbf1b7caac3, type: 3}
      propertyPath: m_LocalEulerAnglesHint.y
      value: 0
      objectReference: {fileID: 0}
    - target: {fileID: 6786280270297708930, guid: 02b35c9d651f38c4693b3dbf1b7caac3, type: 3}
      propertyPath: m_LocalEulerAnglesHint.z
      value: 0
      objectReference: {fileID: 0}
    m_RemovedComponents: []
  m_SourcePrefab: {fileID: 100100000, guid: 02b35c9d651f38c4693b3dbf1b7caac3, type: 3}
--- !u!4 &9210034235337416412 stripped
Transform:
  m_CorrespondingSourceObject: {fileID: 6786280270297708930, guid: 02b35c9d651f38c4693b3dbf1b7caac3, type: 3}
  m_PrefabInstance: {fileID: 2449158458527655774}
  m_PrefabAsset: {fileID: 0}
--- !u!1001 &7767243131418749314
PrefabInstance:
  m_ObjectHideFlags: 0
  serializedVersion: 2
  m_Modification:
    m_TransformParent: {fileID: 1811147651769711282}
    m_Modifications:
    - target: {fileID: 754955727101592833, guid: 02b35c9d651f38c4693b3dbf1b7caac3, type: 3}
      propertyPath: m_LocalPosition.y
      value: -1
      objectReference: {fileID: 0}
    - target: {fileID: 2140108152676304983, guid: 02b35c9d651f38c4693b3dbf1b7caac3, type: 3}
      propertyPath: m_Mesh
      value: 
      objectReference: {fileID: -7587030971442298145, guid: 433815af855bac64c9d08ff8a92ed9dd, type: 3}
    - target: {fileID: 2140108152676304983, guid: 02b35c9d651f38c4693b3dbf1b7caac3, type: 3}
      propertyPath: m_Materials.Array.data[0]
      value: 
      objectReference: {fileID: 2100000, guid: 73e1fb6154b7fef4aa4f0da6df95c4ae, type: 2}
    - target: {fileID: 4213384224845080943, guid: 02b35c9d651f38c4693b3dbf1b7caac3, type: 3}
      propertyPath: ShapeModule.type
      value: 0
      objectReference: {fileID: 0}
    - target: {fileID: 4213384224845080943, guid: 02b35c9d651f38c4693b3dbf1b7caac3, type: 3}
      propertyPath: ShapeModule.radius.value
      value: 0.24
      objectReference: {fileID: 0}
    - target: {fileID: 4213384224845080943, guid: 02b35c9d651f38c4693b3dbf1b7caac3, type: 3}
      propertyPath: ShapeModule.radiusThickness
      value: 1
      objectReference: {fileID: 0}
    - target: {fileID: 4213384224845080943, guid: 02b35c9d651f38c4693b3dbf1b7caac3, type: 3}
      propertyPath: InitialModule.startSize.scalar
      value: 0.3
      objectReference: {fileID: 0}
    - target: {fileID: 4213384224845080943, guid: 02b35c9d651f38c4693b3dbf1b7caac3, type: 3}
      propertyPath: InitialModule.startSpeed.scalar
      value: 3
      objectReference: {fileID: 0}
    - target: {fileID: 4213384224845080943, guid: 02b35c9d651f38c4693b3dbf1b7caac3, type: 3}
      propertyPath: EmissionModule.m_Bursts.Array.data[0].countCurve.scalar
      value: 8
      objectReference: {fileID: 0}
    - target: {fileID: 5292177086255406731, guid: 02b35c9d651f38c4693b3dbf1b7caac3, type: 3}
      propertyPath: m_Name
      value: BoneFX
      objectReference: {fileID: 0}
    - target: {fileID: 6786280270297708930, guid: 02b35c9d651f38c4693b3dbf1b7caac3, type: 3}
      propertyPath: m_RootOrder
      value: 1
      objectReference: {fileID: 0}
    - target: {fileID: 6786280270297708930, guid: 02b35c9d651f38c4693b3dbf1b7caac3, type: 3}
      propertyPath: m_LocalPosition.x
      value: 0
      objectReference: {fileID: 0}
    - target: {fileID: 6786280270297708930, guid: 02b35c9d651f38c4693b3dbf1b7caac3, type: 3}
      propertyPath: m_LocalPosition.y
      value: 1
      objectReference: {fileID: 0}
    - target: {fileID: 6786280270297708930, guid: 02b35c9d651f38c4693b3dbf1b7caac3, type: 3}
      propertyPath: m_LocalPosition.z
      value: 0
      objectReference: {fileID: 0}
    - target: {fileID: 6786280270297708930, guid: 02b35c9d651f38c4693b3dbf1b7caac3, type: 3}
      propertyPath: m_LocalRotation.w
      value: 1
      objectReference: {fileID: 0}
    - target: {fileID: 6786280270297708930, guid: 02b35c9d651f38c4693b3dbf1b7caac3, type: 3}
      propertyPath: m_LocalRotation.x
      value: 0
      objectReference: {fileID: 0}
    - target: {fileID: 6786280270297708930, guid: 02b35c9d651f38c4693b3dbf1b7caac3, type: 3}
      propertyPath: m_LocalRotation.y
      value: 0
      objectReference: {fileID: 0}
    - target: {fileID: 6786280270297708930, guid: 02b35c9d651f38c4693b3dbf1b7caac3, type: 3}
      propertyPath: m_LocalRotation.z
      value: 0
      objectReference: {fileID: 0}
    - target: {fileID: 6786280270297708930, guid: 02b35c9d651f38c4693b3dbf1b7caac3, type: 3}
      propertyPath: m_LocalEulerAnglesHint.x
      value: 0
      objectReference: {fileID: 0}
    - target: {fileID: 6786280270297708930, guid: 02b35c9d651f38c4693b3dbf1b7caac3, type: 3}
      propertyPath: m_LocalEulerAnglesHint.y
      value: 0
      objectReference: {fileID: 0}
    - target: {fileID: 6786280270297708930, guid: 02b35c9d651f38c4693b3dbf1b7caac3, type: 3}
      propertyPath: m_LocalEulerAnglesHint.z
      value: 0
      objectReference: {fileID: 0}
    m_RemovedComponents: []
  m_SourcePrefab: {fileID: 100100000, guid: 02b35c9d651f38c4693b3dbf1b7caac3, type: 3}
--- !u!4 &3884213438290366464 stripped
Transform:
  m_CorrespondingSourceObject: {fileID: 6786280270297708930, guid: 02b35c9d651f38c4693b3dbf1b7caac3, type: 3}
  m_PrefabInstance: {fileID: 7767243131418749314}
  m_PrefabAsset: {fileID: 0}
