%YAML 1.1
%TAG !u! tag:unity3d.com,2011:
--- !u!1 &6561219129363945594
GameObject:
  m_ObjectHideFlags: 0
  m_CorrespondingSourceObject: {fileID: 0}
  m_PrefabInstance: {fileID: 0}
  m_PrefabAsset: {fileID: 0}
  serializedVersion: 6
  m_Component:
  - component: {fileID: 6561219129363945477}
  - component: {fileID: 6561219129363945473}
  - component: {fileID: 6561219129363945478}
  - component: {fileID: 6561219129363945479}
  - component: {fileID: 6561219129363945476}
  m_Layer: 0
  m_Name: Cube (6)
  m_TagString: Untagged
  m_Icon: {fileID: 0}
  m_NavMeshLayer: 0
  m_StaticEditorFlags: 0
  m_IsActive: 1
--- !u!4 &6561219129363945477
Transform:
  m_ObjectHideFlags: 0
  m_CorrespondingSourceObject: {fileID: 0}
  m_PrefabInstance: {fileID: 0}
  m_PrefabAsset: {fileID: 0}
  m_GameObject: {fileID: 6561219129363945594}
  m_LocalRotation: {x: -0, y: -0, z: -0, w: 1}
  m_LocalPosition: {x: -0.49999952, y: 0, z: -0.25}
  m_LocalScale: {x: 1, y: 1, z: 1}
  m_Children: []
  m_Father: {fileID: 6561219130915581841}
  m_RootOrder: 3
  m_LocalEulerAnglesHint: {x: 0, y: 0, z: 0}
--- !u!114 &6561219129363945473
MonoBehaviour:
  m_ObjectHideFlags: 0
  m_CorrespondingSourceObject: {fileID: 0}
  m_PrefabInstance: {fileID: 0}
  m_PrefabAsset: {fileID: 0}
  m_GameObject: {fileID: 6561219129363945594}
  m_Enabled: 1
  m_EditorHideFlags: 0
  m_Script: {fileID: 11500000, guid: 8233d90336aea43098adf6dbabd606a2, type: 3}
  m_Name: 
  m_EditorClassIdentifier: 
  m_MeshFormatVersion: 1
  m_Faces:
  - m_Indexes: 000000000100000002000000010000000300000002000000
    m_SmoothingGroup: 0
    m_Uv:
      m_UseWorldSpace: 0
      m_FlipU: 0
      m_FlipV: 0
      m_SwapUV: 0
      m_Fill: 1
      m_Scale: {x: 1, y: 1}
      m_Offset: {x: 0, y: 0}
      m_Rotation: 0
      m_Anchor: 9
    m_Material: {fileID: 0}
    m_SubmeshIndex: 0
    m_ManualUV: 0
    elementGroup: -1
    m_TextureGroup: -1
  - m_Indexes: 040000000500000006000000050000000700000006000000
    m_SmoothingGroup: 0
    m_Uv:
      m_UseWorldSpace: 0
      m_FlipU: 0
      m_FlipV: 0
      m_SwapUV: 0
      m_Fill: 1
      m_Scale: {x: 1, y: 1}
      m_Offset: {x: 0, y: 0}
      m_Rotation: 0
      m_Anchor: 9
    m_Material: {fileID: 0}
    m_SubmeshIndex: 0
    m_ManualUV: 0
    elementGroup: -1
    m_TextureGroup: -1
  - m_Indexes: 08000000090000000a000000090000000b0000000a000000
    m_SmoothingGroup: 0
    m_Uv:
      m_UseWorldSpace: 0
      m_FlipU: 0
      m_FlipV: 0
      m_SwapUV: 0
      m_Fill: 1
      m_Scale: {x: 1, y: 1}
      m_Offset: {x: 0, y: 0}
      m_Rotation: 0
      m_Anchor: 9
    m_Material: {fileID: 0}
    m_SubmeshIndex: 0
    m_ManualUV: 0
    elementGroup: -1
    m_TextureGroup: -1
  - m_Indexes: 0c0000000d0000000e0000000d0000000f0000000e000000
    m_SmoothingGroup: 0
    m_Uv:
      m_UseWorldSpace: 0
      m_FlipU: 0
      m_FlipV: 0
      m_SwapUV: 0
      m_Fill: 1
      m_Scale: {x: 1, y: 1}
      m_Offset: {x: 0, y: 0}
      m_Rotation: 0
      m_Anchor: 9
    m_Material: {fileID: 0}
    m_SubmeshIndex: 0
    m_ManualUV: 0
    elementGroup: -1
    m_TextureGroup: -1
  - m_Indexes: 100000001100000012000000110000001300000012000000
    m_SmoothingGroup: 0
    m_Uv:
      m_UseWorldSpace: 0
      m_FlipU: 0
      m_FlipV: 0
      m_SwapUV: 0
      m_Fill: 1
      m_Scale: {x: 1, y: 1}
      m_Offset: {x: 0, y: 0}
      m_Rotation: 0
      m_Anchor: 9
    m_Material: {fileID: 0}
    m_SubmeshIndex: 0
    m_ManualUV: 0
    elementGroup: -1
    m_TextureGroup: -1
  - m_Indexes: 140000001500000016000000150000001700000016000000
    m_SmoothingGroup: 0
    m_Uv:
      m_UseWorldSpace: 0
      m_FlipU: 0
      m_FlipV: 0
      m_SwapUV: 0
      m_Fill: 1
      m_Scale: {x: 1, y: 1}
      m_Offset: {x: 0, y: 0}
      m_Rotation: 0
      m_Anchor: 9
    m_Material: {fileID: 0}
    m_SubmeshIndex: 0
    m_ManualUV: 0
    elementGroup: -1
    m_TextureGroup: -1
  m_SharedVertices:
  - m_Vertices: 000000000d00000016000000
  - m_Vertices: 010000000400000017000000
  - m_Vertices: 020000000f00000010000000
  - m_Vertices: 030000000600000011000000
  - m_Vertices: 050000000800000015000000
  - m_Vertices: 070000000a00000013000000
  - m_Vertices: 090000000c00000014000000
  - m_Vertices: 0b0000000e00000012000000
  m_SharedTextures: []
  m_Positions:
  - {x: 0, y: 0, z: 0}
  - {x: 0.2, y: 0, z: 0}
  - {x: 0, y: 1, z: 0}
  - {x: 0.2, y: 1, z: 0}
  - {x: 0.2, y: 0, z: 0}
  - {x: 0.2, y: 0, z: -0.2}
  - {x: 0.2, y: 1, z: 0}
  - {x: 0.2, y: 1, z: -0.2}
  - {x: 0.2, y: 0, z: -0.2}
  - {x: 0, y: 0, z: -0.2}
  - {x: 0.2, y: 1, z: -0.2}
  - {x: 0, y: 1, z: -0.2}
  - {x: 0, y: 0, z: -0.2}
  - {x: 0, y: 0, z: 0}
  - {x: 0, y: 1, z: -0.2}
  - {x: 0, y: 1, z: 0}
  - {x: 0, y: 1, z: 0}
  - {x: 0.2, y: 1, z: 0}
  - {x: 0, y: 1, z: -0.2}
  - {x: 0.2, y: 1, z: -0.2}
  - {x: 0, y: 0, z: -0.2}
  - {x: 0.2, y: 0, z: -0.2}
  - {x: 0, y: 0, z: 0}
  - {x: 0.2, y: 0, z: 0}
  m_Textures0:
  - {x: 0, y: 0}
  - {x: -0.2, y: 0}
  - {x: 0, y: 1}
  - {x: -0.2, y: 1}
  - {x: 0, y: 0}
  - {x: -0.2, y: 0}
  - {x: 0, y: 1}
  - {x: -0.2, y: 1}
  - {x: 0.2, y: 0}
  - {x: 0, y: 0}
  - {x: 0.2, y: 1}
  - {x: 0, y: 1}
  - {x: 0.2, y: 0}
  - {x: 0, y: 0}
  - {x: 0.2, y: 1}
  - {x: 0, y: 1}
  - {x: 0, y: 0}
  - {x: 0.2, y: 0}
  - {x: 0, y: -0.2}
  - {x: 0.2, y: -0.2}
  - {x: 0, y: -0.2}
  - {x: -0.2, y: -0.2}
  - {x: 0, y: 0}
  - {x: -0.2, y: 0}
  m_Textures2: []
  m_Textures3: []
  m_Tangents:
  - {x: -1, y: 0, z: 0, w: -1}
  - {x: -1, y: 0, z: 0, w: -1}
  - {x: -1, y: 0, z: 0, w: -1}
  - {x: -1, y: 0, z: 0, w: -1}
  - {x: 0, y: 0, z: 1, w: -1}
  - {x: 0, y: 0, z: 1, w: -1}
  - {x: 0, y: 0, z: 1, w: -1}
  - {x: 0, y: 0, z: 1, w: -1}
  - {x: 1, y: 0, z: 0, w: -1}
  - {x: 1, y: 0, z: 0, w: -1}
  - {x: 1, y: 0, z: 0, w: -1}
  - {x: 1, y: 0, z: 0, w: -1}
  - {x: 0, y: 0, z: -1, w: -1}
  - {x: 0, y: 0, z: -1, w: -1}
  - {x: 0, y: 0, z: -1, w: -1}
  - {x: 0, y: 0, z: -1, w: -1}
  - {x: 1, y: 0, z: 0, w: -1}
  - {x: 1, y: 0, z: 0, w: -1}
  - {x: 1, y: 0, z: 0, w: -1}
  - {x: 1, y: 0, z: 0, w: -1}
  - {x: -1, y: 0, z: 0, w: -1}
  - {x: -1, y: 0, z: 0, w: -1}
  - {x: -1, y: 0, z: 0, w: -1}
  - {x: -1, y: 0, z: 0, w: -1}
  m_Colors: []
  m_UnwrapParameters:
    m_HardAngle: 88
    m_PackMargin: 20
    m_AngleError: 8
    m_AreaError: 15
  m_PreserveMeshAssetOnDestroy: 0
  assetGuid: 
  m_Mesh: {fileID: 0}
  m_IsSelectable: 1
  m_SelectedFaces: 
  m_SelectedEdges: []
  m_SelectedVertices: 
--- !u!23 &6561219129363945478
MeshRenderer:
  m_ObjectHideFlags: 0
  m_CorrespondingSourceObject: {fileID: 0}
  m_PrefabInstance: {fileID: 0}
  m_PrefabAsset: {fileID: 0}
  m_GameObject: {fileID: 6561219129363945594}
  m_Enabled: 1
  m_CastShadows: 1
  m_ReceiveShadows: 1
  m_DynamicOccludee: 1
  m_MotionVectors: 1
  m_LightProbeUsage: 1
  m_ReflectionProbeUsage: 1
  m_RayTracingMode: 2
  m_RayTraceProcedural: 0
  m_RenderingLayerMask: 1
  m_RendererPriority: 0
  m_Materials:
  - {fileID: 2100000, guid: d1f682b143a876f4387a262b9b87fa65, type: 2}
  m_StaticBatchInfo:
    firstSubMesh: 0
    subMeshCount: 0
  m_StaticBatchRoot: {fileID: 0}
  m_ProbeAnchor: {fileID: 0}
  m_LightProbeVolumeOverride: {fileID: 0}
  m_ScaleInLightmap: 1
  m_ReceiveGI: 1
  m_PreserveUVs: 0
  m_IgnoreNormalsForChartDetection: 0
  m_ImportantGI: 0
  m_StitchLightmapSeams: 1
  m_SelectedEditorRenderState: 2
  m_MinimumChartSize: 4
  m_AutoUVMaxDistance: 0.5
  m_AutoUVMaxAngle: 89
  m_LightmapParameters: {fileID: 0}
  m_SortingLayerID: 0
  m_SortingLayer: 0
  m_SortingOrder: 0
  m_AdditionalVertexStreams: {fileID: 0}
--- !u!33 &6561219129363945479
MeshFilter:
  m_ObjectHideFlags: 0
  m_CorrespondingSourceObject: {fileID: 0}
  m_PrefabInstance: {fileID: 0}
  m_PrefabAsset: {fileID: 0}
  m_GameObject: {fileID: 6561219129363945594}
  m_Mesh: {fileID: 0}
--- !u!64 &6561219129363945476
MeshCollider:
  m_ObjectHideFlags: 0
  m_CorrespondingSourceObject: {fileID: 0}
  m_PrefabInstance: {fileID: 0}
  m_PrefabAsset: {fileID: 0}
  m_GameObject: {fileID: 6561219129363945594}
  m_Material: {fileID: 0}
  m_IsTrigger: 0
  m_Enabled: 1
  serializedVersion: 4
  m_Convex: 0
  m_CookingOptions: 30
  m_Mesh: {fileID: 0}
--- !u!1 &6561219129820937267
GameObject:
  m_ObjectHideFlags: 0
  m_CorrespondingSourceObject: {fileID: 0}
  m_PrefabInstance: {fileID: 0}
  m_PrefabAsset: {fileID: 0}
  serializedVersion: 6
  m_Component:
  - component: {fileID: 6561219129820937266}
  - component: {fileID: 6561219129820937278}
  - component: {fileID: 6561219129820937279}
  - component: {fileID: 6561219129820937276}
  - component: {fileID: 6561219129820937277}
  m_Layer: 0
  m_Name: Cube (9)
  m_TagString: Untagged
  m_Icon: {fileID: 0}
  m_NavMeshLayer: 0
  m_StaticEditorFlags: 0
  m_IsActive: 1
--- !u!4 &6561219129820937266
Transform:
  m_ObjectHideFlags: 0
  m_CorrespondingSourceObject: {fileID: 0}
  m_PrefabInstance: {fileID: 0}
  m_PrefabAsset: {fileID: 0}
  m_GameObject: {fileID: 6561219129820937267}
  m_LocalRotation: {x: 0.65327996, y: 0.6532818, z: 0.2705991, w: 0.27059993}
  m_LocalPosition: {x: -0.343, y: 0.25, z: -0.524}
  m_LocalScale: {x: 1, y: 1, z: 1}
  m_Children: []
  m_Father: {fileID: 6561219130915581841}
  m_RootOrder: 6
  m_LocalEulerAnglesHint: {x: 0, y: 135, z: 90}
--- !u!114 &6561219129820937278
MonoBehaviour:
  m_ObjectHideFlags: 0
  m_CorrespondingSourceObject: {fileID: 0}
  m_PrefabInstance: {fileID: 0}
  m_PrefabAsset: {fileID: 0}
  m_GameObject: {fileID: 6561219129820937267}
  m_Enabled: 1
  m_EditorHideFlags: 0
  m_Script: {fileID: 11500000, guid: 8233d90336aea43098adf6dbabd606a2, type: 3}
  m_Name: 
  m_EditorClassIdentifier: 
  m_MeshFormatVersion: 1
  m_Faces:
  - m_Indexes: 000000000100000002000000010000000300000002000000
    m_SmoothingGroup: 0
    m_Uv:
      m_UseWorldSpace: 0
      m_FlipU: 0
      m_FlipV: 0
      m_SwapUV: 0
      m_Fill: 1
      m_Scale: {x: 1, y: 1}
      m_Offset: {x: 0, y: 0}
      m_Rotation: 0
      m_Anchor: 9
    m_Material: {fileID: 0}
    m_SubmeshIndex: 0
    m_ManualUV: 0
    elementGroup: -1
    m_TextureGroup: -1
  - m_Indexes: 040000000500000006000000050000000700000006000000
    m_SmoothingGroup: 0
    m_Uv:
      m_UseWorldSpace: 0
      m_FlipU: 0
      m_FlipV: 0
      m_SwapUV: 0
      m_Fill: 1
      m_Scale: {x: 1, y: 1}
      m_Offset: {x: 0, y: 0}
      m_Rotation: 0
      m_Anchor: 9
    m_Material: {fileID: 0}
    m_SubmeshIndex: 0
    m_ManualUV: 0
    elementGroup: -1
    m_TextureGroup: -1
  - m_Indexes: 08000000090000000a000000090000000b0000000a000000
    m_SmoothingGroup: 0
    m_Uv:
      m_UseWorldSpace: 0
      m_FlipU: 0
      m_FlipV: 0
      m_SwapUV: 0
      m_Fill: 1
      m_Scale: {x: 1, y: 1}
      m_Offset: {x: 0, y: 0}
      m_Rotation: 0
      m_Anchor: 9
    m_Material: {fileID: 0}
    m_SubmeshIndex: 0
    m_ManualUV: 0
    elementGroup: -1
    m_TextureGroup: -1
  - m_Indexes: 0c0000000d0000000e0000000d0000000f0000000e000000
    m_SmoothingGroup: 0
    m_Uv:
      m_UseWorldSpace: 0
      m_FlipU: 0
      m_FlipV: 0
      m_SwapUV: 0
      m_Fill: 1
      m_Scale: {x: 1, y: 1}
      m_Offset: {x: 0, y: 0}
      m_Rotation: 0
      m_Anchor: 9
    m_Material: {fileID: 0}
    m_SubmeshIndex: 0
    m_ManualUV: 0
    elementGroup: -1
    m_TextureGroup: -1
  - m_Indexes: 100000001100000012000000110000001300000012000000
    m_SmoothingGroup: 0
    m_Uv:
      m_UseWorldSpace: 0
      m_FlipU: 0
      m_FlipV: 0
      m_SwapUV: 0
      m_Fill: 1
      m_Scale: {x: 1, y: 1}
      m_Offset: {x: 0, y: 0}
      m_Rotation: 0
      m_Anchor: 9
    m_Material: {fileID: 0}
    m_SubmeshIndex: 0
    m_ManualUV: 0
    elementGroup: -1
    m_TextureGroup: -1
  - m_Indexes: 140000001500000016000000150000001700000016000000
    m_SmoothingGroup: 0
    m_Uv:
      m_UseWorldSpace: 0
      m_FlipU: 0
      m_FlipV: 0
      m_SwapUV: 0
      m_Fill: 1
      m_Scale: {x: 1, y: 1}
      m_Offset: {x: 0, y: 0}
      m_Rotation: 0
      m_Anchor: 9
    m_Material: {fileID: 0}
    m_SubmeshIndex: 0
    m_ManualUV: 0
    elementGroup: -1
    m_TextureGroup: -1
  m_SharedVertices:
  - m_Vertices: 000000000d00000016000000
  - m_Vertices: 010000000400000017000000
  - m_Vertices: 020000000f00000010000000
  - m_Vertices: 030000000600000011000000
  - m_Vertices: 050000000800000015000000
  - m_Vertices: 070000000a00000013000000
  - m_Vertices: 090000000c00000014000000
  - m_Vertices: 0b0000000e00000012000000
  m_SharedTextures: []
  m_Positions:
  - {x: 0, y: 0, z: 0}
  - {x: 0.2, y: 0, z: 0}
  - {x: 0, y: 1, z: 0}
  - {x: 0.2, y: 1, z: 0}
  - {x: 0.2, y: 0, z: 0}
  - {x: 0.2, y: 0, z: -0.2}
  - {x: 0.2, y: 1, z: 0}
  - {x: 0.2, y: 1, z: -0.2}
  - {x: 0.2, y: 0, z: -0.2}
  - {x: 0, y: 0, z: -0.2}
  - {x: 0.2, y: 1, z: -0.2}
  - {x: 0, y: 1, z: -0.2}
  - {x: 0, y: 0, z: -0.2}
  - {x: 0, y: 0, z: 0}
  - {x: 0, y: 1, z: -0.2}
  - {x: 0, y: 1, z: 0}
  - {x: 0, y: 1, z: 0}
  - {x: 0.2, y: 1, z: 0}
  - {x: 0, y: 1, z: -0.2}
  - {x: 0.2, y: 1, z: -0.2}
  - {x: 0, y: 0, z: -0.2}
  - {x: 0.2, y: 0, z: -0.2}
  - {x: 0, y: 0, z: 0}
  - {x: 0.2, y: 0, z: 0}
  m_Textures0:
  - {x: 0, y: 0}
  - {x: -0.2, y: 0}
  - {x: 0, y: 1}
  - {x: -0.2, y: 1}
  - {x: 0, y: 0}
  - {x: -0.2, y: 0}
  - {x: 0, y: 1}
  - {x: -0.2, y: 1}
  - {x: 0.2, y: 0}
  - {x: 0, y: 0}
  - {x: 0.2, y: 1}
  - {x: 0, y: 1}
  - {x: 0.2, y: 0}
  - {x: 0, y: 0}
  - {x: 0.2, y: 1}
  - {x: 0, y: 1}
  - {x: 0, y: 0}
  - {x: 0.2, y: 0}
  - {x: 0, y: -0.2}
  - {x: 0.2, y: -0.2}
  - {x: 0, y: -0.2}
  - {x: -0.2, y: -0.2}
  - {x: 0, y: 0}
  - {x: -0.2, y: 0}
  m_Textures2: []
  m_Textures3: []
  m_Tangents:
  - {x: -1, y: 0, z: 0, w: -1}
  - {x: -1, y: 0, z: 0, w: -1}
  - {x: -1, y: 0, z: 0, w: -1}
  - {x: -1, y: 0, z: 0, w: -1}
  - {x: 0, y: 0, z: 1, w: -1}
  - {x: 0, y: 0, z: 1, w: -1}
  - {x: 0, y: 0, z: 1, w: -1}
  - {x: 0, y: 0, z: 1, w: -1}
  - {x: 1, y: 0, z: 0, w: -1}
  - {x: 1, y: 0, z: 0, w: -1}
  - {x: 1, y: 0, z: 0, w: -1}
  - {x: 1, y: 0, z: 0, w: -1}
  - {x: 0, y: 0, z: -1, w: -1}
  - {x: 0, y: 0, z: -1, w: -1}
  - {x: 0, y: 0, z: -1, w: -1}
  - {x: 0, y: 0, z: -1, w: -1}
  - {x: 1, y: 0, z: 0, w: -1}
  - {x: 1, y: 0, z: 0, w: -1}
  - {x: 1, y: 0, z: 0, w: -1}
  - {x: 1, y: 0, z: 0, w: -1}
  - {x: -1, y: 0, z: 0, w: -1}
  - {x: -1, y: 0, z: 0, w: -1}
  - {x: -1, y: 0, z: 0, w: -1}
  - {x: -1, y: 0, z: 0, w: -1}
  m_Colors: []
  m_UnwrapParameters:
    m_HardAngle: 88
    m_PackMargin: 20
    m_AngleError: 8
    m_AreaError: 15
  m_PreserveMeshAssetOnDestroy: 0
  assetGuid: 
  m_Mesh: {fileID: 0}
  m_IsSelectable: 1
  m_SelectedFaces: 
  m_SelectedEdges: []
  m_SelectedVertices: 
--- !u!23 &6561219129820937279
MeshRenderer:
  m_ObjectHideFlags: 0
  m_CorrespondingSourceObject: {fileID: 0}
  m_PrefabInstance: {fileID: 0}
  m_PrefabAsset: {fileID: 0}
  m_GameObject: {fileID: 6561219129820937267}
  m_Enabled: 1
  m_CastShadows: 1
  m_ReceiveShadows: 1
  m_DynamicOccludee: 1
  m_MotionVectors: 1
  m_LightProbeUsage: 1
  m_ReflectionProbeUsage: 1
  m_RayTracingMode: 2
  m_RayTraceProcedural: 0
  m_RenderingLayerMask: 1
  m_RendererPriority: 0
  m_Materials:
  - {fileID: 2100000, guid: d1f682b143a876f4387a262b9b87fa65, type: 2}
  m_StaticBatchInfo:
    firstSubMesh: 0
    subMeshCount: 0
  m_StaticBatchRoot: {fileID: 0}
  m_ProbeAnchor: {fileID: 0}
  m_LightProbeVolumeOverride: {fileID: 0}
  m_ScaleInLightmap: 1
  m_ReceiveGI: 1
  m_PreserveUVs: 0
  m_IgnoreNormalsForChartDetection: 0
  m_ImportantGI: 0
  m_StitchLightmapSeams: 1
  m_SelectedEditorRenderState: 2
  m_MinimumChartSize: 4
  m_AutoUVMaxDistance: 0.5
  m_AutoUVMaxAngle: 89
  m_LightmapParameters: {fileID: 0}
  m_SortingLayerID: 0
  m_SortingLayer: 0
  m_SortingOrder: 0
  m_AdditionalVertexStreams: {fileID: 0}
--- !u!33 &6561219129820937276
MeshFilter:
  m_ObjectHideFlags: 0
  m_CorrespondingSourceObject: {fileID: 0}
  m_PrefabInstance: {fileID: 0}
  m_PrefabAsset: {fileID: 0}
  m_GameObject: {fileID: 6561219129820937267}
  m_Mesh: {fileID: 0}
--- !u!64 &6561219129820937277
MeshCollider:
  m_ObjectHideFlags: 0
  m_CorrespondingSourceObject: {fileID: 0}
  m_PrefabInstance: {fileID: 0}
  m_PrefabAsset: {fileID: 0}
  m_GameObject: {fileID: 6561219129820937267}
  m_Material: {fileID: 0}
  m_IsTrigger: 0
  m_Enabled: 1
  serializedVersion: 4
  m_Convex: 0
  m_CookingOptions: 30
  m_Mesh: {fileID: 0}
--- !u!1 &6561219130032104337
GameObject:
  m_ObjectHideFlags: 0
  m_CorrespondingSourceObject: {fileID: 0}
  m_PrefabInstance: {fileID: 0}
  m_PrefabAsset: {fileID: 0}
  serializedVersion: 6
  m_Component:
  - component: {fileID: 6561219130032104336}
  - component: {fileID: 6561219130032104348}
  - component: {fileID: 6561219130032104349}
  - component: {fileID: 6561219130032104338}
  - component: {fileID: 6561219130032104339}
  m_Layer: 0
  m_Name: Cube (4)
  m_TagString: Untagged
  m_Icon: {fileID: 0}
  m_NavMeshLayer: 0
  m_StaticEditorFlags: 0
  m_IsActive: 1
--- !u!4 &6561219130032104336
Transform:
  m_ObjectHideFlags: 0
  m_CorrespondingSourceObject: {fileID: 0}
  m_PrefabInstance: {fileID: 0}
  m_PrefabAsset: {fileID: 0}
  m_GameObject: {fileID: 6561219130032104337}
  m_LocalRotation: {x: -0, y: -0, z: -0, w: 1}
  m_LocalPosition: {x: 0.25, y: 0, z: -0.25}
  m_LocalScale: {x: 1, y: 1, z: 1}
  m_Children: []
  m_Father: {fileID: 6561219130915581841}
  m_RootOrder: 1
  m_LocalEulerAnglesHint: {x: 0, y: 0, z: 0}
--- !u!114 &6561219130032104348
MonoBehaviour:
  m_ObjectHideFlags: 0
  m_CorrespondingSourceObject: {fileID: 0}
  m_PrefabInstance: {fileID: 0}
  m_PrefabAsset: {fileID: 0}
  m_GameObject: {fileID: 6561219130032104337}
  m_Enabled: 1
  m_EditorHideFlags: 0
  m_Script: {fileID: 11500000, guid: 8233d90336aea43098adf6dbabd606a2, type: 3}
  m_Name: 
  m_EditorClassIdentifier: 
  m_MeshFormatVersion: 1
  m_Faces:
  - m_Indexes: 000000000100000002000000010000000300000002000000
    m_SmoothingGroup: 0
    m_Uv:
      m_UseWorldSpace: 0
      m_FlipU: 0
      m_FlipV: 0
      m_SwapUV: 0
      m_Fill: 1
      m_Scale: {x: 1, y: 1}
      m_Offset: {x: 0, y: 0}
      m_Rotation: 0
      m_Anchor: 9
    m_Material: {fileID: 0}
    m_SubmeshIndex: 0
    m_ManualUV: 0
    elementGroup: -1
    m_TextureGroup: -1
  - m_Indexes: 040000000500000006000000050000000700000006000000
    m_SmoothingGroup: 0
    m_Uv:
      m_UseWorldSpace: 0
      m_FlipU: 0
      m_FlipV: 0
      m_SwapUV: 0
      m_Fill: 1
      m_Scale: {x: 1, y: 1}
      m_Offset: {x: 0, y: 0}
      m_Rotation: 0
      m_Anchor: 9
    m_Material: {fileID: 0}
    m_SubmeshIndex: 0
    m_ManualUV: 0
    elementGroup: -1
    m_TextureGroup: -1
  - m_Indexes: 08000000090000000a000000090000000b0000000a000000
    m_SmoothingGroup: 0
    m_Uv:
      m_UseWorldSpace: 0
      m_FlipU: 0
      m_FlipV: 0
      m_SwapUV: 0
      m_Fill: 1
      m_Scale: {x: 1, y: 1}
      m_Offset: {x: 0, y: 0}
      m_Rotation: 0
      m_Anchor: 9
    m_Material: {fileID: 0}
    m_SubmeshIndex: 0
    m_ManualUV: 0
    elementGroup: -1
    m_TextureGroup: -1
  - m_Indexes: 0c0000000d0000000e0000000d0000000f0000000e000000
    m_SmoothingGroup: 0
    m_Uv:
      m_UseWorldSpace: 0
      m_FlipU: 0
      m_FlipV: 0
      m_SwapUV: 0
      m_Fill: 1
      m_Scale: {x: 1, y: 1}
      m_Offset: {x: 0, y: 0}
      m_Rotation: 0
      m_Anchor: 9
    m_Material: {fileID: 0}
    m_SubmeshIndex: 0
    m_ManualUV: 0
    elementGroup: -1
    m_TextureGroup: -1
  - m_Indexes: 100000001100000012000000110000001300000012000000
    m_SmoothingGroup: 0
    m_Uv:
      m_UseWorldSpace: 0
      m_FlipU: 0
      m_FlipV: 0
      m_SwapUV: 0
      m_Fill: 1
      m_Scale: {x: 1, y: 1}
      m_Offset: {x: 0, y: 0}
      m_Rotation: 0
      m_Anchor: 9
    m_Material: {fileID: 0}
    m_SubmeshIndex: 0
    m_ManualUV: 0
    elementGroup: -1
    m_TextureGroup: -1
  - m_Indexes: 140000001500000016000000150000001700000016000000
    m_SmoothingGroup: 0
    m_Uv:
      m_UseWorldSpace: 0
      m_FlipU: 0
      m_FlipV: 0
      m_SwapUV: 0
      m_Fill: 1
      m_Scale: {x: 1, y: 1}
      m_Offset: {x: 0, y: 0}
      m_Rotation: 0
      m_Anchor: 9
    m_Material: {fileID: 0}
    m_SubmeshIndex: 0
    m_ManualUV: 0
    elementGroup: -1
    m_TextureGroup: -1
  m_SharedVertices:
  - m_Vertices: 000000000d00000016000000
  - m_Vertices: 010000000400000017000000
  - m_Vertices: 020000000f00000010000000
  - m_Vertices: 030000000600000011000000
  - m_Vertices: 050000000800000015000000
  - m_Vertices: 070000000a00000013000000
  - m_Vertices: 090000000c00000014000000
  - m_Vertices: 0b0000000e00000012000000
  m_SharedTextures: []
  m_Positions:
  - {x: 0, y: 0, z: 0}
  - {x: 0.2, y: 0, z: 0}
  - {x: 0, y: 1, z: 0}
  - {x: 0.2, y: 1, z: 0}
  - {x: 0.2, y: 0, z: 0}
  - {x: 0.2, y: 0, z: -0.2}
  - {x: 0.2, y: 1, z: 0}
  - {x: 0.2, y: 1, z: -0.2}
  - {x: 0.2, y: 0, z: -0.2}
  - {x: 0, y: 0, z: -0.2}
  - {x: 0.2, y: 1, z: -0.2}
  - {x: 0, y: 1, z: -0.2}
  - {x: 0, y: 0, z: -0.2}
  - {x: 0, y: 0, z: 0}
  - {x: 0, y: 1, z: -0.2}
  - {x: 0, y: 1, z: 0}
  - {x: 0, y: 1, z: 0}
  - {x: 0.2, y: 1, z: 0}
  - {x: 0, y: 1, z: -0.2}
  - {x: 0.2, y: 1, z: -0.2}
  - {x: 0, y: 0, z: -0.2}
  - {x: 0.2, y: 0, z: -0.2}
  - {x: 0, y: 0, z: 0}
  - {x: 0.2, y: 0, z: 0}
  m_Textures0:
  - {x: 0, y: 0}
  - {x: -0.2, y: 0}
  - {x: 0, y: 1}
  - {x: -0.2, y: 1}
  - {x: 0, y: 0}
  - {x: -0.2, y: 0}
  - {x: 0, y: 1}
  - {x: -0.2, y: 1}
  - {x: 0.2, y: 0}
  - {x: 0, y: 0}
  - {x: 0.2, y: 1}
  - {x: 0, y: 1}
  - {x: 0.2, y: 0}
  - {x: 0, y: 0}
  - {x: 0.2, y: 1}
  - {x: 0, y: 1}
  - {x: 0, y: 0}
  - {x: 0.2, y: 0}
  - {x: 0, y: -0.2}
  - {x: 0.2, y: -0.2}
  - {x: 0, y: -0.2}
  - {x: -0.2, y: -0.2}
  - {x: 0, y: 0}
  - {x: -0.2, y: 0}
  m_Textures2: []
  m_Textures3: []
  m_Tangents:
  - {x: -1, y: 0, z: 0, w: -1}
  - {x: -1, y: 0, z: 0, w: -1}
  - {x: -1, y: 0, z: 0, w: -1}
  - {x: -1, y: 0, z: 0, w: -1}
  - {x: 0, y: 0, z: 1, w: -1}
  - {x: 0, y: 0, z: 1, w: -1}
  - {x: 0, y: 0, z: 1, w: -1}
  - {x: 0, y: 0, z: 1, w: -1}
  - {x: 1, y: 0, z: 0, w: -1}
  - {x: 1, y: 0, z: 0, w: -1}
  - {x: 1, y: 0, z: 0, w: -1}
  - {x: 1, y: 0, z: 0, w: -1}
  - {x: 0, y: 0, z: -1, w: -1}
  - {x: 0, y: 0, z: -1, w: -1}
  - {x: 0, y: 0, z: -1, w: -1}
  - {x: 0, y: 0, z: -1, w: -1}
  - {x: 1, y: 0, z: 0, w: -1}
  - {x: 1, y: 0, z: 0, w: -1}
  - {x: 1, y: 0, z: 0, w: -1}
  - {x: 1, y: 0, z: 0, w: -1}
  - {x: -1, y: 0, z: 0, w: -1}
  - {x: -1, y: 0, z: 0, w: -1}
  - {x: -1, y: 0, z: 0, w: -1}
  - {x: -1, y: 0, z: 0, w: -1}
  m_Colors: []
  m_UnwrapParameters:
    m_HardAngle: 88
    m_PackMargin: 20
    m_AngleError: 8
    m_AreaError: 15
  m_PreserveMeshAssetOnDestroy: 0
  assetGuid: 
  m_Mesh: {fileID: 0}
  m_IsSelectable: 1
  m_SelectedFaces: 
  m_SelectedEdges: []
  m_SelectedVertices: 
--- !u!23 &6561219130032104349
MeshRenderer:
  m_ObjectHideFlags: 0
  m_CorrespondingSourceObject: {fileID: 0}
  m_PrefabInstance: {fileID: 0}
  m_PrefabAsset: {fileID: 0}
  m_GameObject: {fileID: 6561219130032104337}
  m_Enabled: 1
  m_CastShadows: 1
  m_ReceiveShadows: 1
  m_DynamicOccludee: 1
  m_MotionVectors: 1
  m_LightProbeUsage: 1
  m_ReflectionProbeUsage: 1
  m_RayTracingMode: 2
  m_RayTraceProcedural: 0
  m_RenderingLayerMask: 1
  m_RendererPriority: 0
  m_Materials:
  - {fileID: 2100000, guid: d1f682b143a876f4387a262b9b87fa65, type: 2}
  m_StaticBatchInfo:
    firstSubMesh: 0
    subMeshCount: 0
  m_StaticBatchRoot: {fileID: 0}
  m_ProbeAnchor: {fileID: 0}
  m_LightProbeVolumeOverride: {fileID: 0}
  m_ScaleInLightmap: 1
  m_ReceiveGI: 1
  m_PreserveUVs: 0
  m_IgnoreNormalsForChartDetection: 0
  m_ImportantGI: 0
  m_StitchLightmapSeams: 1
  m_SelectedEditorRenderState: 2
  m_MinimumChartSize: 4
  m_AutoUVMaxDistance: 0.5
  m_AutoUVMaxAngle: 89
  m_LightmapParameters: {fileID: 0}
  m_SortingLayerID: 0
  m_SortingLayer: 0
  m_SortingOrder: 0
  m_AdditionalVertexStreams: {fileID: 0}
--- !u!33 &6561219130032104338
MeshFilter:
  m_ObjectHideFlags: 0
  m_CorrespondingSourceObject: {fileID: 0}
  m_PrefabInstance: {fileID: 0}
  m_PrefabAsset: {fileID: 0}
  m_GameObject: {fileID: 6561219130032104337}
  m_Mesh: {fileID: 0}
--- !u!64 &6561219130032104339
MeshCollider:
  m_ObjectHideFlags: 0
  m_CorrespondingSourceObject: {fileID: 0}
  m_PrefabInstance: {fileID: 0}
  m_PrefabAsset: {fileID: 0}
  m_GameObject: {fileID: 6561219130032104337}
  m_Material: {fileID: 0}
  m_IsTrigger: 0
  m_Enabled: 1
  serializedVersion: 4
  m_Convex: 0
  m_CookingOptions: 30
  m_Mesh: {fileID: 0}
--- !u!1 &6561219130063422005
GameObject:
  m_ObjectHideFlags: 0
  m_CorrespondingSourceObject: {fileID: 0}
  m_PrefabInstance: {fileID: 0}
  m_PrefabAsset: {fileID: 0}
  serializedVersion: 6
  m_Component:
  - component: {fileID: 6561219130063422004}
  - component: {fileID: 6561219130063422000}
  - component: {fileID: 6561219130063422001}
  - component: {fileID: 6561219130063422006}
  - component: {fileID: 6561219130063422007}
  m_Layer: 0
  m_Name: Cube (8)
  m_TagString: Untagged
  m_Icon: {fileID: 0}
  m_NavMeshLayer: 0
  m_StaticEditorFlags: 0
  m_IsActive: 1
--- !u!4 &6561219130063422004
Transform:
  m_ObjectHideFlags: 0
  m_CorrespondingSourceObject: {fileID: 0}
  m_PrefabInstance: {fileID: 0}
  m_PrefabAsset: {fileID: 0}
  m_GameObject: {fileID: 6561219130063422005}
  m_LocalRotation: {x: 0.2705972, y: 0.27059796, z: 0.65328074, w: 0.65328264}
  m_LocalPosition: {x: 0.407, y: 0.75, z: -0.274}
  m_LocalScale: {x: 1, y: 1, z: 1}
  m_Children: []
  m_Father: {fileID: 6561219130915581841}
  m_RootOrder: 5
  m_LocalEulerAnglesHint: {x: 0, y: 45, z: 90}
--- !u!114 &6561219130063422000
MonoBehaviour:
  m_ObjectHideFlags: 0
  m_CorrespondingSourceObject: {fileID: 0}
  m_PrefabInstance: {fileID: 0}
  m_PrefabAsset: {fileID: 0}
  m_GameObject: {fileID: 6561219130063422005}
  m_Enabled: 1
  m_EditorHideFlags: 0
  m_Script: {fileID: 11500000, guid: 8233d90336aea43098adf6dbabd606a2, type: 3}
  m_Name: 
  m_EditorClassIdentifier: 
  m_MeshFormatVersion: 1
  m_Faces:
  - m_Indexes: 000000000100000002000000010000000300000002000000
    m_SmoothingGroup: 0
    m_Uv:
      m_UseWorldSpace: 0
      m_FlipU: 0
      m_FlipV: 0
      m_SwapUV: 0
      m_Fill: 1
      m_Scale: {x: 1, y: 1}
      m_Offset: {x: 0, y: 0}
      m_Rotation: 0
      m_Anchor: 9
    m_Material: {fileID: 0}
    m_SubmeshIndex: 0
    m_ManualUV: 0
    elementGroup: -1
    m_TextureGroup: -1
  - m_Indexes: 040000000500000006000000050000000700000006000000
    m_SmoothingGroup: 0
    m_Uv:
      m_UseWorldSpace: 0
      m_FlipU: 0
      m_FlipV: 0
      m_SwapUV: 0
      m_Fill: 1
      m_Scale: {x: 1, y: 1}
      m_Offset: {x: 0, y: 0}
      m_Rotation: 0
      m_Anchor: 9
    m_Material: {fileID: 0}
    m_SubmeshIndex: 0
    m_ManualUV: 0
    elementGroup: -1
    m_TextureGroup: -1
  - m_Indexes: 08000000090000000a000000090000000b0000000a000000
    m_SmoothingGroup: 0
    m_Uv:
      m_UseWorldSpace: 0
      m_FlipU: 0
      m_FlipV: 0
      m_SwapUV: 0
      m_Fill: 1
      m_Scale: {x: 1, y: 1}
      m_Offset: {x: 0, y: 0}
      m_Rotation: 0
      m_Anchor: 9
    m_Material: {fileID: 0}
    m_SubmeshIndex: 0
    m_ManualUV: 0
    elementGroup: -1
    m_TextureGroup: -1
  - m_Indexes: 0c0000000d0000000e0000000d0000000f0000000e000000
    m_SmoothingGroup: 0
    m_Uv:
      m_UseWorldSpace: 0
      m_FlipU: 0
      m_FlipV: 0
      m_SwapUV: 0
      m_Fill: 1
      m_Scale: {x: 1, y: 1}
      m_Offset: {x: 0, y: 0}
      m_Rotation: 0
      m_Anchor: 9
    m_Material: {fileID: 0}
    m_SubmeshIndex: 0
    m_ManualUV: 0
    elementGroup: -1
    m_TextureGroup: -1
  - m_Indexes: 100000001100000012000000110000001300000012000000
    m_SmoothingGroup: 0
    m_Uv:
      m_UseWorldSpace: 0
      m_FlipU: 0
      m_FlipV: 0
      m_SwapUV: 0
      m_Fill: 1
      m_Scale: {x: 1, y: 1}
      m_Offset: {x: 0, y: 0}
      m_Rotation: 0
      m_Anchor: 9
    m_Material: {fileID: 0}
    m_SubmeshIndex: 0
    m_ManualUV: 0
    elementGroup: -1
    m_TextureGroup: -1
  - m_Indexes: 140000001500000016000000150000001700000016000000
    m_SmoothingGroup: 0
    m_Uv:
      m_UseWorldSpace: 0
      m_FlipU: 0
      m_FlipV: 0
      m_SwapUV: 0
      m_Fill: 1
      m_Scale: {x: 1, y: 1}
      m_Offset: {x: 0, y: 0}
      m_Rotation: 0
      m_Anchor: 9
    m_Material: {fileID: 0}
    m_SubmeshIndex: 0
    m_ManualUV: 0
    elementGroup: -1
    m_TextureGroup: -1
  m_SharedVertices:
  - m_Vertices: 000000000d00000016000000
  - m_Vertices: 010000000400000017000000
  - m_Vertices: 020000000f00000010000000
  - m_Vertices: 030000000600000011000000
  - m_Vertices: 050000000800000015000000
  - m_Vertices: 070000000a00000013000000
  - m_Vertices: 090000000c00000014000000
  - m_Vertices: 0b0000000e00000012000000
  m_SharedTextures: []
  m_Positions:
  - {x: 0, y: 0, z: 0}
  - {x: 0.2, y: 0, z: 0}
  - {x: 0, y: 1, z: 0}
  - {x: 0.2, y: 1, z: 0}
  - {x: 0.2, y: 0, z: 0}
  - {x: 0.2, y: 0, z: -0.2}
  - {x: 0.2, y: 1, z: 0}
  - {x: 0.2, y: 1, z: -0.2}
  - {x: 0.2, y: 0, z: -0.2}
  - {x: 0, y: 0, z: -0.2}
  - {x: 0.2, y: 1, z: -0.2}
  - {x: 0, y: 1, z: -0.2}
  - {x: 0, y: 0, z: -0.2}
  - {x: 0, y: 0, z: 0}
  - {x: 0, y: 1, z: -0.2}
  - {x: 0, y: 1, z: 0}
  - {x: 0, y: 1, z: 0}
  - {x: 0.2, y: 1, z: 0}
  - {x: 0, y: 1, z: -0.2}
  - {x: 0.2, y: 1, z: -0.2}
  - {x: 0, y: 0, z: -0.2}
  - {x: 0.2, y: 0, z: -0.2}
  - {x: 0, y: 0, z: 0}
  - {x: 0.2, y: 0, z: 0}
  m_Textures0:
  - {x: 0, y: 0}
  - {x: -0.2, y: 0}
  - {x: 0, y: 1}
  - {x: -0.2, y: 1}
  - {x: 0, y: 0}
  - {x: -0.2, y: 0}
  - {x: 0, y: 1}
  - {x: -0.2, y: 1}
  - {x: 0.2, y: 0}
  - {x: 0, y: 0}
  - {x: 0.2, y: 1}
  - {x: 0, y: 1}
  - {x: 0.2, y: 0}
  - {x: 0, y: 0}
  - {x: 0.2, y: 1}
  - {x: 0, y: 1}
  - {x: 0, y: 0}
  - {x: 0.2, y: 0}
  - {x: 0, y: -0.2}
  - {x: 0.2, y: -0.2}
  - {x: 0, y: -0.2}
  - {x: -0.2, y: -0.2}
  - {x: 0, y: 0}
  - {x: -0.2, y: 0}
  m_Textures2: []
  m_Textures3: []
  m_Tangents:
  - {x: -1, y: 0, z: 0, w: -1}
  - {x: -1, y: 0, z: 0, w: -1}
  - {x: -1, y: 0, z: 0, w: -1}
  - {x: -1, y: 0, z: 0, w: -1}
  - {x: 0, y: 0, z: 1, w: -1}
  - {x: 0, y: 0, z: 1, w: -1}
  - {x: 0, y: 0, z: 1, w: -1}
  - {x: 0, y: 0, z: 1, w: -1}
  - {x: 1, y: 0, z: 0, w: -1}
  - {x: 1, y: 0, z: 0, w: -1}
  - {x: 1, y: 0, z: 0, w: -1}
  - {x: 1, y: 0, z: 0, w: -1}
  - {x: 0, y: 0, z: -1, w: -1}
  - {x: 0, y: 0, z: -1, w: -1}
  - {x: 0, y: 0, z: -1, w: -1}
  - {x: 0, y: 0, z: -1, w: -1}
  - {x: 1, y: 0, z: 0, w: -1}
  - {x: 1, y: 0, z: 0, w: -1}
  - {x: 1, y: 0, z: 0, w: -1}
  - {x: 1, y: 0, z: 0, w: -1}
  - {x: -1, y: 0, z: 0, w: -1}
  - {x: -1, y: 0, z: 0, w: -1}
  - {x: -1, y: 0, z: 0, w: -1}
  - {x: -1, y: 0, z: 0, w: -1}
  m_Colors: []
  m_UnwrapParameters:
    m_HardAngle: 88
    m_PackMargin: 20
    m_AngleError: 8
    m_AreaError: 15
  m_PreserveMeshAssetOnDestroy: 0
  assetGuid: 
  m_Mesh: {fileID: 0}
  m_IsSelectable: 1
  m_SelectedFaces: 
  m_SelectedEdges: []
  m_SelectedVertices: 
--- !u!23 &6561219130063422001
MeshRenderer:
  m_ObjectHideFlags: 0
  m_CorrespondingSourceObject: {fileID: 0}
  m_PrefabInstance: {fileID: 0}
  m_PrefabAsset: {fileID: 0}
  m_GameObject: {fileID: 6561219130063422005}
  m_Enabled: 1
  m_CastShadows: 1
  m_ReceiveShadows: 1
  m_DynamicOccludee: 1
  m_MotionVectors: 1
  m_LightProbeUsage: 1
  m_ReflectionProbeUsage: 1
  m_RayTracingMode: 2
  m_RayTraceProcedural: 0
  m_RenderingLayerMask: 1
  m_RendererPriority: 0
  m_Materials:
  - {fileID: 2100000, guid: d1f682b143a876f4387a262b9b87fa65, type: 2}
  m_StaticBatchInfo:
    firstSubMesh: 0
    subMeshCount: 0
  m_StaticBatchRoot: {fileID: 0}
  m_ProbeAnchor: {fileID: 0}
  m_LightProbeVolumeOverride: {fileID: 0}
  m_ScaleInLightmap: 1
  m_ReceiveGI: 1
  m_PreserveUVs: 0
  m_IgnoreNormalsForChartDetection: 0
  m_ImportantGI: 0
  m_StitchLightmapSeams: 1
  m_SelectedEditorRenderState: 2
  m_MinimumChartSize: 4
  m_AutoUVMaxDistance: 0.5
  m_AutoUVMaxAngle: 89
  m_LightmapParameters: {fileID: 0}
  m_SortingLayerID: 0
  m_SortingLayer: 0
  m_SortingOrder: 0
  m_AdditionalVertexStreams: {fileID: 0}
--- !u!33 &6561219130063422006
MeshFilter:
  m_ObjectHideFlags: 0
  m_CorrespondingSourceObject: {fileID: 0}
  m_PrefabInstance: {fileID: 0}
  m_PrefabAsset: {fileID: 0}
  m_GameObject: {fileID: 6561219130063422005}
  m_Mesh: {fileID: 0}
--- !u!64 &6561219130063422007
MeshCollider:
  m_ObjectHideFlags: 0
  m_CorrespondingSourceObject: {fileID: 0}
  m_PrefabInstance: {fileID: 0}
  m_PrefabAsset: {fileID: 0}
  m_GameObject: {fileID: 6561219130063422005}
  m_Material: {fileID: 0}
  m_IsTrigger: 0
  m_Enabled: 1
  serializedVersion: 4
  m_Convex: 0
  m_CookingOptions: 30
  m_Mesh: {fileID: 0}
--- !u!1 &6561219130758573600
GameObject:
  m_ObjectHideFlags: 0
  m_CorrespondingSourceObject: {fileID: 0}
  m_PrefabInstance: {fileID: 0}
  m_PrefabAsset: {fileID: 0}
  serializedVersion: 6
  m_Component:
  - component: {fileID: 6561219130758573603}
  - component: {fileID: 6561219130758573615}
  - component: {fileID: 6561219130758573612}
  - component: {fileID: 6561219130758573613}
  - component: {fileID: 6561219130758573602}
  m_Layer: 0
  m_Name: Cube (5)
  m_TagString: Untagged
  m_Icon: {fileID: 0}
  m_NavMeshLayer: 0
  m_StaticEditorFlags: 0
  m_IsActive: 1
--- !u!4 &6561219130758573603
Transform:
  m_ObjectHideFlags: 0
  m_CorrespondingSourceObject: {fileID: 0}
  m_PrefabInstance: {fileID: 0}
  m_PrefabAsset: {fileID: 0}
  m_GameObject: {fileID: 6561219130758573600}
  m_LocalRotation: {x: -0, y: -0, z: -0, w: 1}
  m_LocalPosition: {x: 0.24999952, y: 0, z: 0.5}
  m_LocalScale: {x: 1, y: 1, z: 1}
  m_Children: []
  m_Father: {fileID: 6561219130915581841}
  m_RootOrder: 2
  m_LocalEulerAnglesHint: {x: 0, y: 0, z: 0}
--- !u!114 &6561219130758573615
MonoBehaviour:
  m_ObjectHideFlags: 0
  m_CorrespondingSourceObject: {fileID: 0}
  m_PrefabInstance: {fileID: 0}
  m_PrefabAsset: {fileID: 0}
  m_GameObject: {fileID: 6561219130758573600}
  m_Enabled: 1
  m_EditorHideFlags: 0
  m_Script: {fileID: 11500000, guid: 8233d90336aea43098adf6dbabd606a2, type: 3}
  m_Name: 
  m_EditorClassIdentifier: 
  m_MeshFormatVersion: 1
  m_Faces:
  - m_Indexes: 000000000100000002000000010000000300000002000000
    m_SmoothingGroup: 0
    m_Uv:
      m_UseWorldSpace: 0
      m_FlipU: 0
      m_FlipV: 0
      m_SwapUV: 0
      m_Fill: 1
      m_Scale: {x: 1, y: 1}
      m_Offset: {x: 0, y: 0}
      m_Rotation: 0
      m_Anchor: 9
    m_Material: {fileID: 0}
    m_SubmeshIndex: 0
    m_ManualUV: 0
    elementGroup: -1
    m_TextureGroup: -1
  - m_Indexes: 040000000500000006000000050000000700000006000000
    m_SmoothingGroup: 0
    m_Uv:
      m_UseWorldSpace: 0
      m_FlipU: 0
      m_FlipV: 0
      m_SwapUV: 0
      m_Fill: 1
      m_Scale: {x: 1, y: 1}
      m_Offset: {x: 0, y: 0}
      m_Rotation: 0
      m_Anchor: 9
    m_Material: {fileID: 0}
    m_SubmeshIndex: 0
    m_ManualUV: 0
    elementGroup: -1
    m_TextureGroup: -1
  - m_Indexes: 08000000090000000a000000090000000b0000000a000000
    m_SmoothingGroup: 0
    m_Uv:
      m_UseWorldSpace: 0
      m_FlipU: 0
      m_FlipV: 0
      m_SwapUV: 0
      m_Fill: 1
      m_Scale: {x: 1, y: 1}
      m_Offset: {x: 0, y: 0}
      m_Rotation: 0
      m_Anchor: 9
    m_Material: {fileID: 0}
    m_SubmeshIndex: 0
    m_ManualUV: 0
    elementGroup: -1
    m_TextureGroup: -1
  - m_Indexes: 0c0000000d0000000e0000000d0000000f0000000e000000
    m_SmoothingGroup: 0
    m_Uv:
      m_UseWorldSpace: 0
      m_FlipU: 0
      m_FlipV: 0
      m_SwapUV: 0
      m_Fill: 1
      m_Scale: {x: 1, y: 1}
      m_Offset: {x: 0, y: 0}
      m_Rotation: 0
      m_Anchor: 9
    m_Material: {fileID: 0}
    m_SubmeshIndex: 0
    m_ManualUV: 0
    elementGroup: -1
    m_TextureGroup: -1
  - m_Indexes: 100000001100000012000000110000001300000012000000
    m_SmoothingGroup: 0
    m_Uv:
      m_UseWorldSpace: 0
      m_FlipU: 0
      m_FlipV: 0
      m_SwapUV: 0
      m_Fill: 1
      m_Scale: {x: 1, y: 1}
      m_Offset: {x: 0, y: 0}
      m_Rotation: 0
      m_Anchor: 9
    m_Material: {fileID: 0}
    m_SubmeshIndex: 0
    m_ManualUV: 0
    elementGroup: -1
    m_TextureGroup: -1
  - m_Indexes: 140000001500000016000000150000001700000016000000
    m_SmoothingGroup: 0
    m_Uv:
      m_UseWorldSpace: 0
      m_FlipU: 0
      m_FlipV: 0
      m_SwapUV: 0
      m_Fill: 1
      m_Scale: {x: 1, y: 1}
      m_Offset: {x: 0, y: 0}
      m_Rotation: 0
      m_Anchor: 9
    m_Material: {fileID: 0}
    m_SubmeshIndex: 0
    m_ManualUV: 0
    elementGroup: -1
    m_TextureGroup: -1
  m_SharedVertices:
  - m_Vertices: 000000000d00000016000000
  - m_Vertices: 010000000400000017000000
  - m_Vertices: 020000000f00000010000000
  - m_Vertices: 030000000600000011000000
  - m_Vertices: 050000000800000015000000
  - m_Vertices: 070000000a00000013000000
  - m_Vertices: 090000000c00000014000000
  - m_Vertices: 0b0000000e00000012000000
  m_SharedTextures: []
  m_Positions:
  - {x: 0, y: 0, z: 0}
  - {x: 0.2, y: 0, z: 0}
  - {x: 0, y: 1, z: 0}
  - {x: 0.2, y: 1, z: 0}
  - {x: 0.2, y: 0, z: 0}
  - {x: 0.2, y: 0, z: -0.2}
  - {x: 0.2, y: 1, z: 0}
  - {x: 0.2, y: 1, z: -0.2}
  - {x: 0.2, y: 0, z: -0.2}
  - {x: 0, y: 0, z: -0.2}
  - {x: 0.2, y: 1, z: -0.2}
  - {x: 0, y: 1, z: -0.2}
  - {x: 0, y: 0, z: -0.2}
  - {x: 0, y: 0, z: 0}
  - {x: 0, y: 1, z: -0.2}
  - {x: 0, y: 1, z: 0}
  - {x: 0, y: 1, z: 0}
  - {x: 0.2, y: 1, z: 0}
  - {x: 0, y: 1, z: -0.2}
  - {x: 0.2, y: 1, z: -0.2}
  - {x: 0, y: 0, z: -0.2}
  - {x: 0.2, y: 0, z: -0.2}
  - {x: 0, y: 0, z: 0}
  - {x: 0.2, y: 0, z: 0}
  m_Textures0:
  - {x: 0, y: 0}
  - {x: -0.2, y: 0}
  - {x: 0, y: 1}
  - {x: -0.2, y: 1}
  - {x: 0, y: 0}
  - {x: -0.2, y: 0}
  - {x: 0, y: 1}
  - {x: -0.2, y: 1}
  - {x: 0.2, y: 0}
  - {x: 0, y: 0}
  - {x: 0.2, y: 1}
  - {x: 0, y: 1}
  - {x: 0.2, y: 0}
  - {x: 0, y: 0}
  - {x: 0.2, y: 1}
  - {x: 0, y: 1}
  - {x: 0, y: 0}
  - {x: 0.2, y: 0}
  - {x: 0, y: -0.2}
  - {x: 0.2, y: -0.2}
  - {x: 0, y: -0.2}
  - {x: -0.2, y: -0.2}
  - {x: 0, y: 0}
  - {x: -0.2, y: 0}
  m_Textures2: []
  m_Textures3: []
  m_Tangents:
  - {x: -1, y: 0, z: 0, w: -1}
  - {x: -1, y: 0, z: 0, w: -1}
  - {x: -1, y: 0, z: 0, w: -1}
  - {x: -1, y: 0, z: 0, w: -1}
  - {x: 0, y: 0, z: 1, w: -1}
  - {x: 0, y: 0, z: 1, w: -1}
  - {x: 0, y: 0, z: 1, w: -1}
  - {x: 0, y: 0, z: 1, w: -1}
  - {x: 1, y: 0, z: 0, w: -1}
  - {x: 1, y: 0, z: 0, w: -1}
  - {x: 1, y: 0, z: 0, w: -1}
  - {x: 1, y: 0, z: 0, w: -1}
  - {x: 0, y: 0, z: -1, w: -1}
  - {x: 0, y: 0, z: -1, w: -1}
  - {x: 0, y: 0, z: -1, w: -1}
  - {x: 0, y: 0, z: -1, w: -1}
  - {x: 1, y: 0, z: 0, w: -1}
  - {x: 1, y: 0, z: 0, w: -1}
  - {x: 1, y: 0, z: 0, w: -1}
  - {x: 1, y: 0, z: 0, w: -1}
  - {x: -1, y: 0, z: 0, w: -1}
  - {x: -1, y: 0, z: 0, w: -1}
  - {x: -1, y: 0, z: 0, w: -1}
  - {x: -1, y: 0, z: 0, w: -1}
  m_Colors: []
  m_UnwrapParameters:
    m_HardAngle: 88
    m_PackMargin: 20
    m_AngleError: 8
    m_AreaError: 15
  m_PreserveMeshAssetOnDestroy: 0
  assetGuid: 
  m_Mesh: {fileID: 0}
  m_IsSelectable: 1
  m_SelectedFaces: 
  m_SelectedEdges: []
  m_SelectedVertices: 
--- !u!23 &6561219130758573612
MeshRenderer:
  m_ObjectHideFlags: 0
  m_CorrespondingSourceObject: {fileID: 0}
  m_PrefabInstance: {fileID: 0}
  m_PrefabAsset: {fileID: 0}
  m_GameObject: {fileID: 6561219130758573600}
  m_Enabled: 1
  m_CastShadows: 1
  m_ReceiveShadows: 1
  m_DynamicOccludee: 1
  m_MotionVectors: 1
  m_LightProbeUsage: 1
  m_ReflectionProbeUsage: 1
  m_RayTracingMode: 2
  m_RayTraceProcedural: 0
  m_RenderingLayerMask: 1
  m_RendererPriority: 0
  m_Materials:
  - {fileID: 2100000, guid: d1f682b143a876f4387a262b9b87fa65, type: 2}
  m_StaticBatchInfo:
    firstSubMesh: 0
    subMeshCount: 0
  m_StaticBatchRoot: {fileID: 0}
  m_ProbeAnchor: {fileID: 0}
  m_LightProbeVolumeOverride: {fileID: 0}
  m_ScaleInLightmap: 1
  m_ReceiveGI: 1
  m_PreserveUVs: 0
  m_IgnoreNormalsForChartDetection: 0
  m_ImportantGI: 0
  m_StitchLightmapSeams: 1
  m_SelectedEditorRenderState: 2
  m_MinimumChartSize: 4
  m_AutoUVMaxDistance: 0.5
  m_AutoUVMaxAngle: 89
  m_LightmapParameters: {fileID: 0}
  m_SortingLayerID: 0
  m_SortingLayer: 0
  m_SortingOrder: 0
  m_AdditionalVertexStreams: {fileID: 0}
--- !u!33 &6561219130758573613
MeshFilter:
  m_ObjectHideFlags: 0
  m_CorrespondingSourceObject: {fileID: 0}
  m_PrefabInstance: {fileID: 0}
  m_PrefabAsset: {fileID: 0}
  m_GameObject: {fileID: 6561219130758573600}
  m_Mesh: {fileID: 0}
--- !u!64 &6561219130758573602
MeshCollider:
  m_ObjectHideFlags: 0
  m_CorrespondingSourceObject: {fileID: 0}
  m_PrefabInstance: {fileID: 0}
  m_PrefabAsset: {fileID: 0}
  m_GameObject: {fileID: 6561219130758573600}
  m_Material: {fileID: 0}
  m_IsTrigger: 0
  m_Enabled: 1
  serializedVersion: 4
  m_Convex: 0
  m_CookingOptions: 30
  m_Mesh: {fileID: 0}
--- !u!1 &6561219130915581846
GameObject:
  m_ObjectHideFlags: 0
  m_CorrespondingSourceObject: {fileID: 0}
  m_PrefabInstance: {fileID: 0}
  m_PrefabAsset: {fileID: 0}
  serializedVersion: 6
  m_Component:
  - component: {fileID: 6561219130915581841}
  m_Layer: 0
  m_Name: State 2
  m_TagString: Untagged
  m_Icon: {fileID: 0}
  m_NavMeshLayer: 0
  m_StaticEditorFlags: 0
  m_IsActive: 1
--- !u!4 &6561219130915581841
Transform:
  m_ObjectHideFlags: 0
  m_CorrespondingSourceObject: {fileID: 0}
  m_PrefabInstance: {fileID: 0}
  m_PrefabAsset: {fileID: 0}
  m_GameObject: {fileID: 6561219130915581846}
  m_LocalRotation: {x: 0, y: 0, z: 0, w: 1}
  m_LocalPosition: {x: 9.65, y: 0, z: 1.95}
  m_LocalScale: {x: 1, y: 1, z: 1}
  m_Children:
  - {fileID: 6561219130968185883}
  - {fileID: 6561219130032104336}
  - {fileID: 6561219130758573603}
  - {fileID: 6561219129363945477}
  - {fileID: 6561219131231931211}
  - {fileID: 6561219130063422004}
  - {fileID: 6561219129820937266}
  - {fileID: 6755877432487741847}
  m_Father: {fileID: 0}
  m_RootOrder: 0
  m_LocalEulerAnglesHint: {x: 0, y: 0, z: 0}
--- !u!1 &6561219130968185880
GameObject:
  m_ObjectHideFlags: 0
  m_CorrespondingSourceObject: {fileID: 0}
  m_PrefabInstance: {fileID: 0}
  m_PrefabAsset: {fileID: 0}
  serializedVersion: 6
  m_Component:
  - component: {fileID: 6561219130968185883}
  - component: {fileID: 6561219130968185892}
  - component: {fileID: 6561219130968185893}
  - component: {fileID: 6561219130968185882}
  m_Layer: 0
  m_Name: Cube
  m_TagString: Untagged
  m_Icon: {fileID: 0}
  m_NavMeshLayer: 0
  m_StaticEditorFlags: 0
  m_IsActive: 0
--- !u!4 &6561219130968185883
Transform:
  m_ObjectHideFlags: 0
  m_CorrespondingSourceObject: {fileID: 0}
  m_PrefabInstance: {fileID: 0}
  m_PrefabAsset: {fileID: 0}
  m_GameObject: {fileID: 6561219130968185880}
  m_LocalRotation: {x: -0, y: -0, z: -0, w: 1}
  m_LocalPosition: {x: 0, y: 0.25, z: 0}
  m_LocalScale: {x: 1, y: 0.5, z: 1}
  m_Children: []
  m_Father: {fileID: 6561219130915581841}
  m_RootOrder: 0
  m_LocalEulerAnglesHint: {x: 0, y: 0, z: 0}
--- !u!33 &6561219130968185892
MeshFilter:
  m_ObjectHideFlags: 0
  m_CorrespondingSourceObject: {fileID: 0}
  m_PrefabInstance: {fileID: 0}
  m_PrefabAsset: {fileID: 0}
  m_GameObject: {fileID: 6561219130968185880}
  m_Mesh: {fileID: 10202, guid: 0000000000000000e000000000000000, type: 0}
--- !u!23 &6561219130968185893
MeshRenderer:
  m_ObjectHideFlags: 0
  m_CorrespondingSourceObject: {fileID: 0}
  m_PrefabInstance: {fileID: 0}
  m_PrefabAsset: {fileID: 0}
  m_GameObject: {fileID: 6561219130968185880}
  m_Enabled: 1
  m_CastShadows: 1
  m_ReceiveShadows: 1
  m_DynamicOccludee: 1
  m_MotionVectors: 1
  m_LightProbeUsage: 1
  m_ReflectionProbeUsage: 1
  m_RayTracingMode: 2
  m_RayTraceProcedural: 0
  m_RenderingLayerMask: 1
  m_RendererPriority: 0
  m_Materials:
  - {fileID: 10303, guid: 0000000000000000f000000000000000, type: 0}
  m_StaticBatchInfo:
    firstSubMesh: 0
    subMeshCount: 0
  m_StaticBatchRoot: {fileID: 0}
  m_ProbeAnchor: {fileID: 0}
  m_LightProbeVolumeOverride: {fileID: 0}
  m_ScaleInLightmap: 1
  m_ReceiveGI: 1
  m_PreserveUVs: 0
  m_IgnoreNormalsForChartDetection: 0
  m_ImportantGI: 0
  m_StitchLightmapSeams: 1
  m_SelectedEditorRenderState: 3
  m_MinimumChartSize: 4
  m_AutoUVMaxDistance: 0.5
  m_AutoUVMaxAngle: 89
  m_LightmapParameters: {fileID: 0}
  m_SortingLayerID: 0
  m_SortingLayer: 0
  m_SortingOrder: 0
  m_AdditionalVertexStreams: {fileID: 0}
--- !u!65 &6561219130968185882
BoxCollider:
  m_ObjectHideFlags: 0
  m_CorrespondingSourceObject: {fileID: 0}
  m_PrefabInstance: {fileID: 0}
  m_PrefabAsset: {fileID: 0}
  m_GameObject: {fileID: 6561219130968185880}
  m_Material: {fileID: 0}
  m_IsTrigger: 0
  m_Enabled: 1
  serializedVersion: 2
  m_Size: {x: 1, y: 1, z: 1}
  m_Center: {x: 0, y: 0, z: 0}
--- !u!1 &6561219131231931208
GameObject:
  m_ObjectHideFlags: 0
  m_CorrespondingSourceObject: {fileID: 0}
  m_PrefabInstance: {fileID: 0}
  m_PrefabAsset: {fileID: 0}
  serializedVersion: 6
  m_Component:
  - component: {fileID: 6561219131231931211}
  - component: {fileID: 6561219131231931223}
  - component: {fileID: 6561219131231931220}
  - component: {fileID: 6561219131231931221}
  - component: {fileID: 6561219131231931210}
  m_Layer: 0
  m_Name: Cube (7)
  m_TagString: Untagged
  m_Icon: {fileID: 0}
  m_NavMeshLayer: 0
  m_StaticEditorFlags: 0
  m_IsActive: 1
--- !u!4 &6561219131231931211
Transform:
  m_ObjectHideFlags: 0
  m_CorrespondingSourceObject: {fileID: 0}
  m_PrefabInstance: {fileID: 0}
  m_PrefabAsset: {fileID: 0}
  m_GameObject: {fileID: 6561219131231931208}
  m_LocalRotation: {x: -0, y: -0, z: -0, w: 1}
  m_LocalPosition: {x: -0.49999952, y: 0, z: 0.5}
  m_LocalScale: {x: 1, y: 1, z: 1}
  m_Children: []
  m_Father: {fileID: 6561219130915581841}
  m_RootOrder: 4
  m_LocalEulerAnglesHint: {x: 0, y: 0, z: 0}
--- !u!114 &6561219131231931223
MonoBehaviour:
  m_ObjectHideFlags: 0
  m_CorrespondingSourceObject: {fileID: 0}
  m_PrefabInstance: {fileID: 0}
  m_PrefabAsset: {fileID: 0}
  m_GameObject: {fileID: 6561219131231931208}
  m_Enabled: 1
  m_EditorHideFlags: 0
  m_Script: {fileID: 11500000, guid: 8233d90336aea43098adf6dbabd606a2, type: 3}
  m_Name: 
  m_EditorClassIdentifier: 
  m_MeshFormatVersion: 1
  m_Faces:
  - m_Indexes: 000000000100000002000000010000000300000002000000
    m_SmoothingGroup: 0
    m_Uv:
      m_UseWorldSpace: 0
      m_FlipU: 0
      m_FlipV: 0
      m_SwapUV: 0
      m_Fill: 1
      m_Scale: {x: 1, y: 1}
      m_Offset: {x: 0, y: 0}
      m_Rotation: 0
      m_Anchor: 9
    m_Material: {fileID: 0}
    m_SubmeshIndex: 0
    m_ManualUV: 0
    elementGroup: -1
    m_TextureGroup: -1
  - m_Indexes: 040000000500000006000000050000000700000006000000
    m_SmoothingGroup: 0
    m_Uv:
      m_UseWorldSpace: 0
      m_FlipU: 0
      m_FlipV: 0
      m_SwapUV: 0
      m_Fill: 1
      m_Scale: {x: 1, y: 1}
      m_Offset: {x: 0, y: 0}
      m_Rotation: 0
      m_Anchor: 9
    m_Material: {fileID: 0}
    m_SubmeshIndex: 0
    m_ManualUV: 0
    elementGroup: -1
    m_TextureGroup: -1
  - m_Indexes: 08000000090000000a000000090000000b0000000a000000
    m_SmoothingGroup: 0
    m_Uv:
      m_UseWorldSpace: 0
      m_FlipU: 0
      m_FlipV: 0
      m_SwapUV: 0
      m_Fill: 1
      m_Scale: {x: 1, y: 1}
      m_Offset: {x: 0, y: 0}
      m_Rotation: 0
      m_Anchor: 9
    m_Material: {fileID: 0}
    m_SubmeshIndex: 0
    m_ManualUV: 0
    elementGroup: -1
    m_TextureGroup: -1
  - m_Indexes: 0c0000000d0000000e0000000d0000000f0000000e000000
    m_SmoothingGroup: 0
    m_Uv:
      m_UseWorldSpace: 0
      m_FlipU: 0
      m_FlipV: 0
      m_SwapUV: 0
      m_Fill: 1
      m_Scale: {x: 1, y: 1}
      m_Offset: {x: 0, y: 0}
      m_Rotation: 0
      m_Anchor: 9
    m_Material: {fileID: 0}
    m_SubmeshIndex: 0
    m_ManualUV: 0
    elementGroup: -1
    m_TextureGroup: -1
  - m_Indexes: 100000001100000012000000110000001300000012000000
    m_SmoothingGroup: 0
    m_Uv:
      m_UseWorldSpace: 0
      m_FlipU: 0
      m_FlipV: 0
      m_SwapUV: 0
      m_Fill: 1
      m_Scale: {x: 1, y: 1}
      m_Offset: {x: 0, y: 0}
      m_Rotation: 0
      m_Anchor: 9
    m_Material: {fileID: 0}
    m_SubmeshIndex: 0
    m_ManualUV: 0
    elementGroup: -1
    m_TextureGroup: -1
  - m_Indexes: 140000001500000016000000150000001700000016000000
    m_SmoothingGroup: 0
    m_Uv:
      m_UseWorldSpace: 0
      m_FlipU: 0
      m_FlipV: 0
      m_SwapUV: 0
      m_Fill: 1
      m_Scale: {x: 1, y: 1}
      m_Offset: {x: 0, y: 0}
      m_Rotation: 0
      m_Anchor: 9
    m_Material: {fileID: 0}
    m_SubmeshIndex: 0
    m_ManualUV: 0
    elementGroup: -1
    m_TextureGroup: -1
  m_SharedVertices:
  - m_Vertices: 000000000d00000016000000
  - m_Vertices: 010000000400000017000000
  - m_Vertices: 020000000f00000010000000
  - m_Vertices: 030000000600000011000000
  - m_Vertices: 050000000800000015000000
  - m_Vertices: 070000000a00000013000000
  - m_Vertices: 090000000c00000014000000
  - m_Vertices: 0b0000000e00000012000000
  m_SharedTextures: []
  m_Positions:
  - {x: 0, y: 0, z: 0}
  - {x: 0.2, y: 0, z: 0}
  - {x: 0, y: 1, z: 0}
  - {x: 0.2, y: 1, z: 0}
  - {x: 0.2, y: 0, z: 0}
  - {x: 0.2, y: 0, z: -0.2}
  - {x: 0.2, y: 1, z: 0}
  - {x: 0.2, y: 1, z: -0.2}
  - {x: 0.2, y: 0, z: -0.2}
  - {x: 0, y: 0, z: -0.2}
  - {x: 0.2, y: 1, z: -0.2}
  - {x: 0, y: 1, z: -0.2}
  - {x: 0, y: 0, z: -0.2}
  - {x: 0, y: 0, z: 0}
  - {x: 0, y: 1, z: -0.2}
  - {x: 0, y: 1, z: 0}
  - {x: 0, y: 1, z: 0}
  - {x: 0.2, y: 1, z: 0}
  - {x: 0, y: 1, z: -0.2}
  - {x: 0.2, y: 1, z: -0.2}
  - {x: 0, y: 0, z: -0.2}
  - {x: 0.2, y: 0, z: -0.2}
  - {x: 0, y: 0, z: 0}
  - {x: 0.2, y: 0, z: 0}
  m_Textures0:
  - {x: 0, y: 0}
  - {x: -0.2, y: 0}
  - {x: 0, y: 1}
  - {x: -0.2, y: 1}
  - {x: 0, y: 0}
  - {x: -0.2, y: 0}
  - {x: 0, y: 1}
  - {x: -0.2, y: 1}
  - {x: 0.2, y: 0}
  - {x: 0, y: 0}
  - {x: 0.2, y: 1}
  - {x: 0, y: 1}
  - {x: 0.2, y: 0}
  - {x: 0, y: 0}
  - {x: 0.2, y: 1}
  - {x: 0, y: 1}
  - {x: 0, y: 0}
  - {x: 0.2, y: 0}
  - {x: 0, y: -0.2}
  - {x: 0.2, y: -0.2}
  - {x: 0, y: -0.2}
  - {x: -0.2, y: -0.2}
  - {x: 0, y: 0}
  - {x: -0.2, y: 0}
  m_Textures2: []
  m_Textures3: []
  m_Tangents:
  - {x: -1, y: 0, z: 0, w: -1}
  - {x: -1, y: 0, z: 0, w: -1}
  - {x: -1, y: 0, z: 0, w: -1}
  - {x: -1, y: 0, z: 0, w: -1}
  - {x: 0, y: 0, z: 1, w: -1}
  - {x: 0, y: 0, z: 1, w: -1}
  - {x: 0, y: 0, z: 1, w: -1}
  - {x: 0, y: 0, z: 1, w: -1}
  - {x: 1, y: 0, z: 0, w: -1}
  - {x: 1, y: 0, z: 0, w: -1}
  - {x: 1, y: 0, z: 0, w: -1}
  - {x: 1, y: 0, z: 0, w: -1}
  - {x: 0, y: 0, z: -1, w: -1}
  - {x: 0, y: 0, z: -1, w: -1}
  - {x: 0, y: 0, z: -1, w: -1}
  - {x: 0, y: 0, z: -1, w: -1}
  - {x: 1, y: 0, z: 0, w: -1}
  - {x: 1, y: 0, z: 0, w: -1}
  - {x: 1, y: 0, z: 0, w: -1}
  - {x: 1, y: 0, z: 0, w: -1}
  - {x: -1, y: 0, z: 0, w: -1}
  - {x: -1, y: 0, z: 0, w: -1}
  - {x: -1, y: 0, z: 0, w: -1}
  - {x: -1, y: 0, z: 0, w: -1}
  m_Colors: []
  m_UnwrapParameters:
    m_HardAngle: 88
    m_PackMargin: 20
    m_AngleError: 8
    m_AreaError: 15
  m_PreserveMeshAssetOnDestroy: 0
  assetGuid: 
  m_Mesh: {fileID: 0}
  m_IsSelectable: 1
  m_SelectedFaces: 
  m_SelectedEdges: []
  m_SelectedVertices: 
--- !u!23 &6561219131231931220
MeshRenderer:
  m_ObjectHideFlags: 0
  m_CorrespondingSourceObject: {fileID: 0}
  m_PrefabInstance: {fileID: 0}
  m_PrefabAsset: {fileID: 0}
  m_GameObject: {fileID: 6561219131231931208}
  m_Enabled: 1
  m_CastShadows: 1
  m_ReceiveShadows: 1
  m_DynamicOccludee: 1
  m_MotionVectors: 1
  m_LightProbeUsage: 1
  m_ReflectionProbeUsage: 1
  m_RayTracingMode: 2
  m_RayTraceProcedural: 0
  m_RenderingLayerMask: 1
  m_RendererPriority: 0
  m_Materials:
  - {fileID: 2100000, guid: d1f682b143a876f4387a262b9b87fa65, type: 2}
  m_StaticBatchInfo:
    firstSubMesh: 0
    subMeshCount: 0
  m_StaticBatchRoot: {fileID: 0}
  m_ProbeAnchor: {fileID: 0}
  m_LightProbeVolumeOverride: {fileID: 0}
  m_ScaleInLightmap: 1
  m_ReceiveGI: 1
  m_PreserveUVs: 0
  m_IgnoreNormalsForChartDetection: 0
  m_ImportantGI: 0
  m_StitchLightmapSeams: 1
  m_SelectedEditorRenderState: 2
  m_MinimumChartSize: 4
  m_AutoUVMaxDistance: 0.5
  m_AutoUVMaxAngle: 89
  m_LightmapParameters: {fileID: 0}
  m_SortingLayerID: 0
  m_SortingLayer: 0
  m_SortingOrder: 0
  m_AdditionalVertexStreams: {fileID: 0}
--- !u!33 &6561219131231931221
MeshFilter:
  m_ObjectHideFlags: 0
  m_CorrespondingSourceObject: {fileID: 0}
  m_PrefabInstance: {fileID: 0}
  m_PrefabAsset: {fileID: 0}
  m_GameObject: {fileID: 6561219131231931208}
  m_Mesh: {fileID: 0}
--- !u!64 &6561219131231931210
MeshCollider:
  m_ObjectHideFlags: 0
  m_CorrespondingSourceObject: {fileID: 0}
  m_PrefabInstance: {fileID: 0}
  m_PrefabAsset: {fileID: 0}
  m_GameObject: {fileID: 6561219131231931208}
  m_Material: {fileID: 0}
  m_IsTrigger: 0
  m_Enabled: 1
  serializedVersion: 4
  m_Convex: 0
  m_CookingOptions: 30
  m_Mesh: {fileID: 0}
--- !u!1001 &4318035255668043286
PrefabInstance:
  m_ObjectHideFlags: 0
  serializedVersion: 2
  m_Modification:
    m_TransformParent: {fileID: 6561219130915581841}
    m_Modifications:
    - target: {fileID: 923129303329649308, guid: d7d5ff674431d5e4fa35cd7b4d19f4d2, type: 3}
      propertyPath: m_Mesh
      value: 
      objectReference: {fileID: 0}
    - target: {fileID: 2170969321441663354, guid: d7d5ff674431d5e4fa35cd7b4d19f4d2, type: 3}
      propertyPath: m_Mesh
      value: 
      objectReference: {fileID: 0}
    - target: {fileID: 5613979365417694448, guid: d7d5ff674431d5e4fa35cd7b4d19f4d2, type: 3}
      propertyPath: m_Name
      value: Dirt
      objectReference: {fileID: 0}
    - target: {fileID: 7362554799511201665, guid: d7d5ff674431d5e4fa35cd7b4d19f4d2, type: 3}
      propertyPath: m_RootOrder
      value: 7
      objectReference: {fileID: 0}
    - target: {fileID: 7362554799511201665, guid: d7d5ff674431d5e4fa35cd7b4d19f4d2, type: 3}
      propertyPath: m_LocalScale.y
      value: 2
      objectReference: {fileID: 0}
    - target: {fileID: 7362554799511201665, guid: d7d5ff674431d5e4fa35cd7b4d19f4d2, type: 3}
      propertyPath: m_LocalPosition.x
      value: 0.75
      objectReference: {fileID: 0}
    - target: {fileID: 7362554799511201665, guid: d7d5ff674431d5e4fa35cd7b4d19f4d2, type: 3}
      propertyPath: m_LocalPosition.y
      value: 0
      objectReference: {fileID: 0}
    - target: {fileID: 7362554799511201665, guid: d7d5ff674431d5e4fa35cd7b4d19f4d2, type: 3}
      propertyPath: m_LocalPosition.z
      value: 0
      objectReference: {fileID: 0}
    - target: {fileID: 7362554799511201665, guid: d7d5ff674431d5e4fa35cd7b4d19f4d2, type: 3}
      propertyPath: m_LocalRotation.w
      value: 1
      objectReference: {fileID: 0}
    - target: {fileID: 7362554799511201665, guid: d7d5ff674431d5e4fa35cd7b4d19f4d2, type: 3}
      propertyPath: m_LocalRotation.x
      value: 0
      objectReference: {fileID: 0}
    - target: {fileID: 7362554799511201665, guid: d7d5ff674431d5e4fa35cd7b4d19f4d2, type: 3}
      propertyPath: m_LocalRotation.y
      value: 0
      objectReference: {fileID: 0}
    - target: {fileID: 7362554799511201665, guid: d7d5ff674431d5e4fa35cd7b4d19f4d2, type: 3}
      propertyPath: m_LocalRotation.z
      value: 0
      objectReference: {fileID: 0}
    - target: {fileID: 7362554799511201665, guid: d7d5ff674431d5e4fa35cd7b4d19f4d2, type: 3}
      propertyPath: m_LocalEulerAnglesHint.x
      value: 0
      objectReference: {fileID: 0}
    - target: {fileID: 7362554799511201665, guid: d7d5ff674431d5e4fa35cd7b4d19f4d2, type: 3}
      propertyPath: m_LocalEulerAnglesHint.y
      value: 0
      objectReference: {fileID: 0}
    - target: {fileID: 7362554799511201665, guid: d7d5ff674431d5e4fa35cd7b4d19f4d2, type: 3}
      propertyPath: m_LocalEulerAnglesHint.z
      value: 0
      objectReference: {fileID: 0}
    - target: {fileID: 8156188109183114666, guid: d7d5ff674431d5e4fa35cd7b4d19f4d2, type: 3}
      propertyPath: m_Mesh
      value: 
      objectReference: {fileID: 0}
    - target: {fileID: 8156188109183114666, guid: d7d5ff674431d5e4fa35cd7b4d19f4d2, type: 3}
      propertyPath: m_Tangents.Array.data[0].x
      value: -0.3826835
      objectReference: {fileID: 0}
    - target: {fileID: 8156188109183114666, guid: d7d5ff674431d5e4fa35cd7b4d19f4d2, type: 3}
      propertyPath: m_Tangents.Array.data[0].y
      value: 0
      objectReference: {fileID: 0}
    - target: {fileID: 8156188109183114666, guid: d7d5ff674431d5e4fa35cd7b4d19f4d2, type: 3}
      propertyPath: m_Tangents.Array.data[0].z
      value: 0.92387956
      objectReference: {fileID: 0}
    - target: {fileID: 8156188109183114666, guid: d7d5ff674431d5e4fa35cd7b4d19f4d2, type: 3}
      propertyPath: m_Tangents.Array.data[1].x
      value: -0.3826835
      objectReference: {fileID: 0}
    - target: {fileID: 8156188109183114666, guid: d7d5ff674431d5e4fa35cd7b4d19f4d2, type: 3}
      propertyPath: m_Tangents.Array.data[1].y
      value: 0
      objectReference: {fileID: 0}
    - target: {fileID: 8156188109183114666, guid: d7d5ff674431d5e4fa35cd7b4d19f4d2, type: 3}
      propertyPath: m_Tangents.Array.data[1].z
      value: 0.92387956
      objectReference: {fileID: 0}
    - target: {fileID: 8156188109183114666, guid: d7d5ff674431d5e4fa35cd7b4d19f4d2, type: 3}
      propertyPath: m_Tangents.Array.data[2].x
      value: -0.3826835
      objectReference: {fileID: 0}
    - target: {fileID: 8156188109183114666, guid: d7d5ff674431d5e4fa35cd7b4d19f4d2, type: 3}
      propertyPath: m_Tangents.Array.data[2].y
      value: 0
      objectReference: {fileID: 0}
    - target: {fileID: 8156188109183114666, guid: d7d5ff674431d5e4fa35cd7b4d19f4d2, type: 3}
      propertyPath: m_Tangents.Array.data[2].z
      value: 0.92387956
      objectReference: {fileID: 0}
    - target: {fileID: 8156188109183114666, guid: d7d5ff674431d5e4fa35cd7b4d19f4d2, type: 3}
      propertyPath: m_Tangents.Array.data[6].x
      value: -0.92387956
      objectReference: {fileID: 0}
    - target: {fileID: 8156188109183114666, guid: d7d5ff674431d5e4fa35cd7b4d19f4d2, type: 3}
      propertyPath: m_Tangents.Array.data[6].y
      value: 0
      objectReference: {fileID: 0}
    - target: {fileID: 8156188109183114666, guid: d7d5ff674431d5e4fa35cd7b4d19f4d2, type: 3}
      propertyPath: m_Tangents.Array.data[6].z
      value: 0.3826835
      objectReference: {fileID: 0}
    - target: {fileID: 8156188109183114666, guid: d7d5ff674431d5e4fa35cd7b4d19f4d2, type: 3}
      propertyPath: m_Tangents.Array.data[7].x
      value: -0.92387956
      objectReference: {fileID: 0}
    - target: {fileID: 8156188109183114666, guid: d7d5ff674431d5e4fa35cd7b4d19f4d2, type: 3}
      propertyPath: m_Tangents.Array.data[7].y
      value: 0
      objectReference: {fileID: 0}
    - target: {fileID: 8156188109183114666, guid: d7d5ff674431d5e4fa35cd7b4d19f4d2, type: 3}
      propertyPath: m_Tangents.Array.data[7].z
      value: 0.3826835
      objectReference: {fileID: 0}
    - target: {fileID: 8156188109183114666, guid: d7d5ff674431d5e4fa35cd7b4d19f4d2, type: 3}
      propertyPath: m_Tangents.Array.data[8].x
      value: -0.92387956
      objectReference: {fileID: 0}
    - target: {fileID: 8156188109183114666, guid: d7d5ff674431d5e4fa35cd7b4d19f4d2, type: 3}
      propertyPath: m_Tangents.Array.data[8].y
      value: 0
      objectReference: {fileID: 0}
    - target: {fileID: 8156188109183114666, guid: d7d5ff674431d5e4fa35cd7b4d19f4d2, type: 3}
      propertyPath: m_Tangents.Array.data[8].z
      value: 0.3826835
      objectReference: {fileID: 0}
    - target: {fileID: 8156188109183114666, guid: d7d5ff674431d5e4fa35cd7b4d19f4d2, type: 3}
      propertyPath: m_Tangents.Array.data[12].x
      value: -0.92387956
      objectReference: {fileID: 0}
    - target: {fileID: 8156188109183114666, guid: d7d5ff674431d5e4fa35cd7b4d19f4d2, type: 3}
      propertyPath: m_Tangents.Array.data[12].y
      value: 0
      objectReference: {fileID: 0}
    - target: {fileID: 8156188109183114666, guid: d7d5ff674431d5e4fa35cd7b4d19f4d2, type: 3}
      propertyPath: m_Tangents.Array.data[12].z
      value: -0.38268346
      objectReference: {fileID: 0}
    - target: {fileID: 8156188109183114666, guid: d7d5ff674431d5e4fa35cd7b4d19f4d2, type: 3}
      propertyPath: m_Tangents.Array.data[13].x
      value: -0.92387956
      objectReference: {fileID: 0}
    - target: {fileID: 8156188109183114666, guid: d7d5ff674431d5e4fa35cd7b4d19f4d2, type: 3}
      propertyPath: m_Tangents.Array.data[13].y
      value: 0
      objectReference: {fileID: 0}
    - target: {fileID: 8156188109183114666, guid: d7d5ff674431d5e4fa35cd7b4d19f4d2, type: 3}
      propertyPath: m_Tangents.Array.data[13].z
      value: -0.38268346
      objectReference: {fileID: 0}
    - target: {fileID: 8156188109183114666, guid: d7d5ff674431d5e4fa35cd7b4d19f4d2, type: 3}
      propertyPath: m_Tangents.Array.data[14].x
      value: -0.92387956
      objectReference: {fileID: 0}
    - target: {fileID: 8156188109183114666, guid: d7d5ff674431d5e4fa35cd7b4d19f4d2, type: 3}
      propertyPath: m_Tangents.Array.data[14].y
      value: 0
      objectReference: {fileID: 0}
    - target: {fileID: 8156188109183114666, guid: d7d5ff674431d5e4fa35cd7b4d19f4d2, type: 3}
      propertyPath: m_Tangents.Array.data[14].z
      value: -0.38268346
      objectReference: {fileID: 0}
    - target: {fileID: 8156188109183114666, guid: d7d5ff674431d5e4fa35cd7b4d19f4d2, type: 3}
      propertyPath: m_Tangents.Array.data[18].x
      value: -0.38268334
      objectReference: {fileID: 0}
    - target: {fileID: 8156188109183114666, guid: d7d5ff674431d5e4fa35cd7b4d19f4d2, type: 3}
      propertyPath: m_Tangents.Array.data[18].y
      value: -0.000000007211236
      objectReference: {fileID: 0}
    - target: {fileID: 8156188109183114666, guid: d7d5ff674431d5e4fa35cd7b4d19f4d2, type: 3}
      propertyPath: m_Tangents.Array.data[18].z
      value: -0.92387956
      objectReference: {fileID: 0}
    - target: {fileID: 8156188109183114666, guid: d7d5ff674431d5e4fa35cd7b4d19f4d2, type: 3}
      propertyPath: m_Tangents.Array.data[19].x
      value: -0.38268334
      objectReference: {fileID: 0}
    - target: {fileID: 8156188109183114666, guid: d7d5ff674431d5e4fa35cd7b4d19f4d2, type: 3}
      propertyPath: m_Tangents.Array.data[19].y
      value: -0.000000007211236
      objectReference: {fileID: 0}
    - target: {fileID: 8156188109183114666, guid: d7d5ff674431d5e4fa35cd7b4d19f4d2, type: 3}
      propertyPath: m_Tangents.Array.data[19].z
      value: -0.92387956
      objectReference: {fileID: 0}
    - target: {fileID: 8156188109183114666, guid: d7d5ff674431d5e4fa35cd7b4d19f4d2, type: 3}
      propertyPath: m_Tangents.Array.data[20].x
      value: -0.38268334
      objectReference: {fileID: 0}
    - target: {fileID: 8156188109183114666, guid: d7d5ff674431d5e4fa35cd7b4d19f4d2, type: 3}
      propertyPath: m_Tangents.Array.data[20].y
      value: -0.000000007211236
      objectReference: {fileID: 0}
    - target: {fileID: 8156188109183114666, guid: d7d5ff674431d5e4fa35cd7b4d19f4d2, type: 3}
      propertyPath: m_Tangents.Array.data[20].z
      value: -0.92387956
      objectReference: {fileID: 0}
    - target: {fileID: 8156188109183114666, guid: d7d5ff674431d5e4fa35cd7b4d19f4d2, type: 3}
      propertyPath: m_Tangents.Array.data[24].x
      value: 0.38268346
      objectReference: {fileID: 0}
    - target: {fileID: 8156188109183114666, guid: d7d5ff674431d5e4fa35cd7b4d19f4d2, type: 3}
      propertyPath: m_Tangents.Array.data[24].y
      value: 0.0000000072112383
      objectReference: {fileID: 0}
    - target: {fileID: 8156188109183114666, guid: d7d5ff674431d5e4fa35cd7b4d19f4d2, type: 3}
      propertyPath: m_Tangents.Array.data[24].z
      value: -0.92387956
      objectReference: {fileID: 0}
    - target: {fileID: 8156188109183114666, guid: d7d5ff674431d5e4fa35cd7b4d19f4d2, type: 3}
      propertyPath: m_Tangents.Array.data[25].x
      value: 0.38268346
      objectReference: {fileID: 0}
    - target: {fileID: 8156188109183114666, guid: d7d5ff674431d5e4fa35cd7b4d19f4d2, type: 3}
      propertyPath: m_Tangents.Array.data[25].y
      value: 0.0000000072112383
      objectReference: {fileID: 0}
    - target: {fileID: 8156188109183114666, guid: d7d5ff674431d5e4fa35cd7b4d19f4d2, type: 3}
      propertyPath: m_Tangents.Array.data[25].z
      value: -0.92387956
      objectReference: {fileID: 0}
    - target: {fileID: 8156188109183114666, guid: d7d5ff674431d5e4fa35cd7b4d19f4d2, type: 3}
      propertyPath: m_Tangents.Array.data[26].x
      value: 0.38268346
      objectReference: {fileID: 0}
    - target: {fileID: 8156188109183114666, guid: d7d5ff674431d5e4fa35cd7b4d19f4d2, type: 3}
      propertyPath: m_Tangents.Array.data[26].y
      value: 0.0000000072112383
      objectReference: {fileID: 0}
    - target: {fileID: 8156188109183114666, guid: d7d5ff674431d5e4fa35cd7b4d19f4d2, type: 3}
      propertyPath: m_Tangents.Array.data[26].z
      value: -0.92387956
      objectReference: {fileID: 0}
    - target: {fileID: 8156188109183114666, guid: d7d5ff674431d5e4fa35cd7b4d19f4d2, type: 3}
      propertyPath: m_Tangents.Array.data[30].x
      value: 0.9238795
      objectReference: {fileID: 0}
    - target: {fileID: 8156188109183114666, guid: d7d5ff674431d5e4fa35cd7b4d19f4d2, type: 3}
      propertyPath: m_Tangents.Array.data[30].y
      value: 0.000000007211236
      objectReference: {fileID: 0}
    - target: {fileID: 8156188109183114666, guid: d7d5ff674431d5e4fa35cd7b4d19f4d2, type: 3}
      propertyPath: m_Tangents.Array.data[30].z
      value: -0.3826835
      objectReference: {fileID: 0}
    - target: {fileID: 8156188109183114666, guid: d7d5ff674431d5e4fa35cd7b4d19f4d2, type: 3}
      propertyPath: m_Tangents.Array.data[31].x
      value: 0.9238795
      objectReference: {fileID: 0}
    - target: {fileID: 8156188109183114666, guid: d7d5ff674431d5e4fa35cd7b4d19f4d2, type: 3}
      propertyPath: m_Tangents.Array.data[31].y
      value: 0.000000007211236
      objectReference: {fileID: 0}
    - target: {fileID: 8156188109183114666, guid: d7d5ff674431d5e4fa35cd7b4d19f4d2, type: 3}
      propertyPath: m_Tangents.Array.data[31].z
      value: -0.3826835
      objectReference: {fileID: 0}
    - target: {fileID: 8156188109183114666, guid: d7d5ff674431d5e4fa35cd7b4d19f4d2, type: 3}
      propertyPath: m_Tangents.Array.data[32].x
      value: 0.9238795
      objectReference: {fileID: 0}
    - target: {fileID: 8156188109183114666, guid: d7d5ff674431d5e4fa35cd7b4d19f4d2, type: 3}
      propertyPath: m_Tangents.Array.data[32].y
      value: 0.000000007211236
      objectReference: {fileID: 0}
    - target: {fileID: 8156188109183114666, guid: d7d5ff674431d5e4fa35cd7b4d19f4d2, type: 3}
      propertyPath: m_Tangents.Array.data[32].z
      value: -0.3826835
      objectReference: {fileID: 0}
    - target: {fileID: 8156188109183114666, guid: d7d5ff674431d5e4fa35cd7b4d19f4d2, type: 3}
      propertyPath: m_Tangents.Array.data[36].x
      value: 0.9238796
      objectReference: {fileID: 0}
    - target: {fileID: 8156188109183114666, guid: d7d5ff674431d5e4fa35cd7b4d19f4d2, type: 3}
      propertyPath: m_Tangents.Array.data[36].y
      value: 0.0000000072112387
      objectReference: {fileID: 0}
    - target: {fileID: 8156188109183114666, guid: d7d5ff674431d5e4fa35cd7b4d19f4d2, type: 3}
      propertyPath: m_Tangents.Array.data[36].z
      value: 0.3826834
      objectReference: {fileID: 0}
    - target: {fileID: 8156188109183114666, guid: d7d5ff674431d5e4fa35cd7b4d19f4d2, type: 3}
      propertyPath: m_Tangents.Array.data[37].x
      value: 0.9238796
      objectReference: {fileID: 0}
    - target: {fileID: 8156188109183114666, guid: d7d5ff674431d5e4fa35cd7b4d19f4d2, type: 3}
      propertyPath: m_Tangents.Array.data[37].y
      value: 0.0000000072112387
      objectReference: {fileID: 0}
    - target: {fileID: 8156188109183114666, guid: d7d5ff674431d5e4fa35cd7b4d19f4d2, type: 3}
      propertyPath: m_Tangents.Array.data[37].z
      value: 0.3826834
      objectReference: {fileID: 0}
    - target: {fileID: 8156188109183114666, guid: d7d5ff674431d5e4fa35cd7b4d19f4d2, type: 3}
      propertyPath: m_Tangents.Array.data[38].x
      value: 0.9238796
      objectReference: {fileID: 0}
    - target: {fileID: 8156188109183114666, guid: d7d5ff674431d5e4fa35cd7b4d19f4d2, type: 3}
      propertyPath: m_Tangents.Array.data[38].y
      value: 0.0000000072112387
      objectReference: {fileID: 0}
    - target: {fileID: 8156188109183114666, guid: d7d5ff674431d5e4fa35cd7b4d19f4d2, type: 3}
      propertyPath: m_Tangents.Array.data[38].z
      value: 0.3826834
      objectReference: {fileID: 0}
    - target: {fileID: 8156188109183114666, guid: d7d5ff674431d5e4fa35cd7b4d19f4d2, type: 3}
      propertyPath: m_Tangents.Array.data[42].x
      value: 0.38268352
      objectReference: {fileID: 0}
    - target: {fileID: 8156188109183114666, guid: d7d5ff674431d5e4fa35cd7b4d19f4d2, type: 3}
      propertyPath: m_Tangents.Array.data[42].y
      value: 0
      objectReference: {fileID: 0}
    - target: {fileID: 8156188109183114666, guid: d7d5ff674431d5e4fa35cd7b4d19f4d2, type: 3}
      propertyPath: m_Tangents.Array.data[42].z
      value: 0.92387944
      objectReference: {fileID: 0}
    - target: {fileID: 8156188109183114666, guid: d7d5ff674431d5e4fa35cd7b4d19f4d2, type: 3}
      propertyPath: m_Tangents.Array.data[43].x
      value: 0.38268352
      objectReference: {fileID: 0}
    - target: {fileID: 8156188109183114666, guid: d7d5ff674431d5e4fa35cd7b4d19f4d2, type: 3}
      propertyPath: m_Tangents.Array.data[43].y
      value: 0
      objectReference: {fileID: 0}
    - target: {fileID: 8156188109183114666, guid: d7d5ff674431d5e4fa35cd7b4d19f4d2, type: 3}
      propertyPath: m_Tangents.Array.data[43].z
      value: 0.92387944
      objectReference: {fileID: 0}
    - target: {fileID: 8156188109183114666, guid: d7d5ff674431d5e4fa35cd7b4d19f4d2, type: 3}
      propertyPath: m_Tangents.Array.data[44].x
      value: 0.38268352
      objectReference: {fileID: 0}
    - target: {fileID: 8156188109183114666, guid: d7d5ff674431d5e4fa35cd7b4d19f4d2, type: 3}
      propertyPath: m_Tangents.Array.data[44].y
      value: 0
      objectReference: {fileID: 0}
    - target: {fileID: 8156188109183114666, guid: d7d5ff674431d5e4fa35cd7b4d19f4d2, type: 3}
      propertyPath: m_Tangents.Array.data[44].z
      value: 0.92387944
      objectReference: {fileID: 0}
    m_RemovedComponents: []
  m_SourcePrefab: {fileID: 100100000, guid: d7d5ff674431d5e4fa35cd7b4d19f4d2, type: 3}
--- !u!4 &6755877432487741847 stripped
Transform:
  m_CorrespondingSourceObject: {fileID: 7362554799511201665, guid: d7d5ff674431d5e4fa35cd7b4d19f4d2, type: 3}
  m_PrefabInstance: {fileID: 4318035255668043286}
  m_PrefabAsset: {fileID: 0}
